
  <record>
    <leader>01000aam  22002601a 4500</leader>
    <controlfield tag="001">YPZ481</controlfield>
    <controlfield tag="003">YPZ</controlfield>
    <controlfield tag="005">200407060000000</controlfield>
    <controlfield tag="008">040706|###########||||||b||||||||||spa|d</controlfield>
    <datafield tag="040" ind1=" " ind2=" ">
      <subfield code="c">SIUNPA</subfield>
    </datafield>
    <datafield tag="041" ind1=" " ind2=" ">
      <subfield code="a">spa</subfield>
    </datafield>
    <datafield tag="044" ind1=" " ind2=" ">
      <subfield code="a">AR</subfield>
    </datafield>
    <datafield tag="080" ind1=" " ind2=" ">
      <subfield code="a">05-H-508</subfield>
    </datafield>
    <datafield tag="110" ind1=" " ind2=" ">
      <subfield code="a">Cruz Roja Argentina. Filial Río Gallegos.</subfield>
    </datafield>
    <datafield tag="245" ind1=" " ind2=" ">
      <subfield code="a">Nosotros</subfield>
    </datafield>
    <datafield tag="260" ind1=" " ind2=" ">
      <subfield code="a">Río Gallegos</subfield>
      <subfield code="b"> : Cruz Roja Argentina, Filial Río Gallegos</subfield>
      <subfield code="c"> , 2000-</subfield>
    </datafield>
    <datafield tag="310" ind1=" " ind2=" ">
      <subfield code="a">Irregular</subfield>
    </datafield>
    <datafield tag="650" ind1=" " ind2=" ">
      <subfield code="a"> SERVICIO DE SALUD</subfield>
    </datafield>
    <datafield tag="942" ind1=" " ind2=" ">
      <subfield code="c">CR</subfield>
    </datafield>
    <datafield tag="952" ind1=" " ind2=" ">
      <subfield code="a">BIB_RECT</subfield>
      <subfield code="b">BIB_UARG</subfield>
      <subfield code="d">2005-08-23</subfield>
      <subfield code="y">CR</subfield>
      <subfield code="p">05-h-508</subfield>
      <subfield code="i">05-h-508</subfield>
      <subfield code="g">0</subfield>
      <subfield code="o">05-H-508</subfield>
      <subfield code="e">Canje y donación SIUNPA</subfield>
      <subfield code="8">PP</subfield>
    </datafield>
  </record>