
  <record>
    <leader>01000aam  22002601a 4500</leader>
    <controlfield tag="001">YPZ713</controlfield>
    <controlfield tag="003">YPZ</controlfield>
    <controlfield tag="005">200412010000000</controlfield>
    <controlfield tag="008">041201|###########||||||b||||||||||spa|d</controlfield>
    <datafield tag="040" ind1=" " ind2=" ">
      <subfield code="c">SIUNPA</subfield>
    </datafield>
    <datafield tag="041" ind1=" " ind2=" ">
      <subfield code="a">spa</subfield>
    </datafield>
    <datafield tag="044" ind1=" " ind2=" ">
      <subfield code="a">AR</subfield>
    </datafield>
    <datafield tag="080" ind1=" " ind2=" ">
      <subfield code="a">02-H-15</subfield>
    </datafield>
    <datafield tag="245" ind1=" " ind2=" ">
      <subfield code="a">Cuadernos culturales deseadenses</subfield>
    </datafield>
    <datafield tag="260" ind1=" " ind2=" ">
      <subfield code="a">Puerto Deseado</subfield>
      <subfield code="b"> : Vieira Argentina</subfield>
      <subfield code="c"> , 2003-</subfield>
    </datafield>
    <datafield tag="310" ind1=" " ind2=" ">
      <subfield code="a">Desconocida</subfield>
    </datafield>
    <datafield tag="650" ind1=" " ind2=" ">
      <subfield code="a"> HISTORIA DE SANTA CRUZ</subfield>
    </datafield>
    <datafield tag="650" ind1=" " ind2=" ">
      <subfield code="a"> PUERTO DESEADO (SANTA CRUZ)</subfield>
    </datafield>
    <datafield tag="942" ind1=" " ind2=" ">
      <subfield code="c">CR</subfield>
    </datafield>
    <datafield tag="952" ind1=" " ind2=" ">
      <subfield code="a">BIB_RECT</subfield>
      <subfield code="b">BIB_UACO</subfield>
      <subfield code="d">2005-08-23</subfield>
      <subfield code="y">CR</subfield>
      <subfield code="p">02-h-15</subfield>
      <subfield code="i">02-h-15</subfield>
      <subfield code="g">0</subfield>
      <subfield code="o">02-H-15</subfield>
      <subfield code="e">Donación Biblioteca</subfield>
      <subfield code="8">CG</subfield>
    </datafield>
  </record>