
  <record>
    <leader>01000aam  22002601a 4500</leader>
    <controlfield tag="001">YPZ827</controlfield>
    <controlfield tag="003">YPZ</controlfield>
    <controlfield tag="005">200504120000000</controlfield>
    <controlfield tag="008">050412|###########||||||b||||||||||spa|d</controlfield>
    <datafield tag="040" ind1=" " ind2=" ">
      <subfield code="c">SIUNPA</subfield>
    </datafield>
    <datafield tag="041" ind1=" " ind2=" ">
      <subfield code="a">spa</subfield>
    </datafield>
    <datafield tag="044" ind1=" " ind2=" ">
      <subfield code="a">AR</subfield>
    </datafield>
    <datafield tag="080" ind1=" " ind2=" ">
      <subfield code="a">05-H-33</subfield>
    </datafield>
    <datafield tag="110" ind1=" " ind2=" ">
      <subfield code="a">Universidad Federal de la Patagonia Austral.</subfield>
    </datafield>
    <datafield tag="245" ind1=" " ind2=" ">
      <subfield code="a">Waxen</subfield>
    </datafield>
    <datafield tag="260" ind1=" " ind2=" ">
      <subfield code="a">Río Gallegos</subfield>
      <subfield code="b"> : UFPA</subfield>
      <subfield code="c"> , 1987-1994</subfield>
    </datafield>
    <datafield tag="310" ind1=" " ind2=" ">
      <subfield code="a">Frecuencia varía</subfield>
    </datafield>
    <datafield tag="650" ind1=" " ind2=" ">
      <subfield code="a"> HISTORIA</subfield>
    </datafield>
    <datafield tag="650" ind1=" " ind2=" ">
      <subfield code="a"> DESARROLLO ECONOMICO Y SOCIAL</subfield>
    </datafield>
    <datafield tag="650" ind1=" " ind2=" ">
      <subfield code="a"> LITERATURA</subfield>
    </datafield>
    <datafield tag="942" ind1=" " ind2=" ">
      <subfield code="c">CR</subfield>
    </datafield>
    <datafield tag="952" ind1=" " ind2=" ">
      <subfield code="a">BIB_RECT</subfield>
      <subfield code="b">BIB_UACO</subfield>
      <subfield code="d">2012-09-27</subfield>
      <subfield code="y">CR</subfield>
      <subfield code="p">02-h-802</subfield>
      <subfield code="i">02-h-802</subfield>
      <subfield code="g">0</subfield>
      <subfield code="o">05-H-33</subfield>
      <subfield code="e">Donaciòn UASJ</subfield>
      <subfield code="8">PP</subfield>
    </datafield>
    <datafield tag="952" ind1=" " ind2=" ">
      <subfield code="a">BIB_RECT</subfield>
      <subfield code="b">BIB_UART</subfield>
      <subfield code="d">2012-10-15</subfield>
      <subfield code="y">CR</subfield>
      <subfield code="p">03-h-810</subfield>
      <subfield code="i">03-h-810</subfield>
      <subfield code="g">0</subfield>
      <subfield code="o">05-H-33</subfield>
      <subfield code="e">Donación UASJ</subfield>
      <subfield code="8">PP</subfield>
    </datafield>
    <datafield tag="952" ind1=" " ind2=" ">
      <subfield code="a">BIB_RECT</subfield>
      <subfield code="b">BIB_UASJ</subfield>
      <subfield code="d">2012-10-15</subfield>
      <subfield code="y">CR</subfield>
      <subfield code="p">04-h-814</subfield>
      <subfield code="i">04-h-814</subfield>
      <subfield code="g">0</subfield>
      <subfield code="o">05-H-33</subfield>
      <subfield code="e">UASJ</subfield>
      <subfield code="8">PP</subfield>
    </datafield>
    <datafield tag="952" ind1=" " ind2=" ">
      <subfield code="a">BIB_RECT</subfield>
      <subfield code="b">BIB_UARG</subfield>
      <subfield code="d">2005-08-23</subfield>
      <subfield code="y">CR</subfield>
      <subfield code="p">05-h-33</subfield>
      <subfield code="i">05-h-33</subfield>
      <subfield code="g">0</subfield>
      <subfield code="o">05-H-33</subfield>
      <subfield code="e">Donación Graciela Esnaola|UASJ</subfield>
      <subfield code="8">PP</subfield>
    </datafield>
  </record>