
  <record>
    <leader>01000aam  22002601a 4500</leader>
    <controlfield tag="001">YPZ1331</controlfield>
    <controlfield tag="003">YPZ</controlfield>
    <controlfield tag="005">200504210000000</controlfield>
    <controlfield tag="008">050421|###########||||||b||||||||||spa|d</controlfield>
    <datafield tag="022" ind1=" " ind2=" ">
      <subfield code="a">00016896</subfield>
    </datafield>
    <datafield tag="040" ind1=" " ind2=" ">
      <subfield code="c">SIUNPA</subfield>
    </datafield>
    <datafield tag="041" ind1=" " ind2=" ">
      <subfield code="a">spa</subfield>
    </datafield>
    <datafield tag="044" ind1=" " ind2=" ">
      <subfield code="a">AR</subfield>
    </datafield>
    <datafield tag="080" ind1=" " ind2=" ">
      <subfield code="a">05-H-138</subfield>
    </datafield>
    <datafield tag="245" ind1=" " ind2=" ">
      <subfield code="a">Acta psiquiátrica y psicológica de América Latina</subfield>
    </datafield>
    <datafield tag="260" ind1=" " ind2=" ">
      <subfield code="a">Buenos Aires</subfield>
      <subfield code="b"> : Fundación Acta Fondo para la Salud Mental</subfield>
      <subfield code="c"> , 1964-</subfield>
    </datafield>
    <datafield tag="310" ind1=" " ind2=" ">
      <subfield code="a">Trimestral</subfield>
    </datafield>
    <datafield tag="500" ind1=" " ind2=" ">
      <subfield code="a">Cont. de: Acta psiquiátrica y psicológica argentina (ISSN: 0365-5636)</subfield>
    </datafield>
    <datafield tag="500" ind1=" " ind2=" ">
      <subfield code="a">Datos extraídos de la base BINPAR</subfield>
    </datafield>
    <datafield tag="650" ind1=" " ind2=" ">
      <subfield code="a"> PSICOLOGIA</subfield>
    </datafield>
    <datafield tag="650" ind1=" " ind2=" ">
      <subfield code="a"> PSIQUIATRIA</subfield>
    </datafield>
    <datafield tag="942" ind1=" " ind2=" ">
      <subfield code="c">CR</subfield>
    </datafield>
    <datafield tag="952" ind1=" " ind2=" ">
      <subfield code="a">BIB_RECT</subfield>
      <subfield code="b">BIB_UASJ</subfield>
      <subfield code="d">2013-06-10</subfield>
      <subfield code="y">CR</subfield>
      <subfield code="p">04-h-138</subfield>
      <subfield code="i">04-h-138</subfield>
      <subfield code="g">0</subfield>
      <subfield code="o">05-H-138</subfield>
      <subfield code="e">Donación Facultad de Psicología|Canje SI</subfield>
      <subfield code="8">PP</subfield>
    </datafield>
    <datafield tag="952" ind1=" " ind2=" ">
      <subfield code="a">BIB_RECT</subfield>
      <subfield code="b">BIB_UARG</subfield>
      <subfield code="d">2013-06-10</subfield>
      <subfield code="y">CR</subfield>
      <subfield code="p">05-h-138</subfield>
      <subfield code="i">05-h-138</subfield>
      <subfield code="g">0</subfield>
      <subfield code="o">05-H-138</subfield>
      <subfield code="e">Facultad de Psicología</subfield>
      <subfield code="8">PP</subfield>
    </datafield>
  </record>