
  <record>
    <leader>01000aam  22002601a 4500</leader>
    <controlfield tag="001">YPZ1365</controlfield>
    <controlfield tag="003">YPZ</controlfield>
    <controlfield tag="005">200504220000000</controlfield>
    <controlfield tag="008">050422|###########||||||b||||||||||spa|d</controlfield>
    <datafield tag="022" ind1=" " ind2=" ">
      <subfield code="a">03260704</subfield>
    </datafield>
    <datafield tag="040" ind1=" " ind2=" ">
      <subfield code="c">SIUNPA</subfield>
    </datafield>
    <datafield tag="041" ind1=" " ind2=" ">
      <subfield code="a">spa</subfield>
    </datafield>
    <datafield tag="044" ind1=" " ind2=" ">
      <subfield code="a">AR</subfield>
    </datafield>
    <datafield tag="080" ind1=" " ind2=" ">
      <subfield code="a">05-H-131</subfield>
    </datafield>
    <datafield tag="110" ind1=" " ind2=" ">
      <subfield code="a">Asociación Escuela Argentina de Psicoterapia para Graduados.</subfield>
    </datafield>
    <datafield tag="240" ind1=" " ind2=" ">
      <subfield code="a">Asociación Escuela Argentina de Psicoterapia para Graduados Revista</subfield>
    </datafield>
    <datafield tag="245" ind1=" " ind2=" ">
      <subfield code="a">Revista  / Asociación Escuela Argentina de Psicoterapia para Graduados</subfield>
    </datafield>
    <datafield tag="260" ind1=" " ind2=" ">
      <subfield code="a">Buenos Aires</subfield>
      <subfield code="b"> : Asociación Escuela Argentina de Psicoterapia para Graduados</subfield>
      <subfield code="c"> , 1976-</subfield>
    </datafield>
    <datafield tag="310" ind1=" " ind2=" ">
      <subfield code="a">Anual</subfield>
    </datafield>
    <datafield tag="650" ind1=" " ind2=" ">
      <subfield code="a"> PSICOANALISIS</subfield>
    </datafield>
    <datafield tag="650" ind1=" " ind2=" ">
      <subfield code="a"> PSICOTERAPIA</subfield>
    </datafield>
    <datafield tag="942" ind1=" " ind2=" ">
      <subfield code="c">CR</subfield>
    </datafield>
    <datafield tag="952" ind1=" " ind2=" ">
      <subfield code="a">BIB_RECT</subfield>
      <subfield code="b">BIB_UASJ</subfield>
      <subfield code="d">2013-06-10</subfield>
      <subfield code="y">CR</subfield>
      <subfield code="p">04-h-131</subfield>
      <subfield code="i">04-h-131</subfield>
      <subfield code="g">0</subfield>
      <subfield code="o">05-H-131</subfield>
      <subfield code="e">Donación Facultad de Psicología</subfield>
      <subfield code="8">PP</subfield>
    </datafield>
    <datafield tag="952" ind1=" " ind2=" ">
      <subfield code="a">BIB_RECT</subfield>
      <subfield code="b">BIB_UARG</subfield>
      <subfield code="d">2013-06-09</subfield>
      <subfield code="y">CR</subfield>
      <subfield code="p">05-h-131</subfield>
      <subfield code="i">05-h-131</subfield>
      <subfield code="g">0</subfield>
      <subfield code="o">05-H-131</subfield>
      <subfield code="e">Donación Facultad de Psicología</subfield>
      <subfield code="8">PP</subfield>
    </datafield>
  </record>