
  <record>
    <leader>01000aam  22002601a 4500</leader>
    <controlfield tag="001">YPZ1485</controlfield>
    <controlfield tag="003">YPZ</controlfield>
    <controlfield tag="005">200411030000000</controlfield>
    <controlfield tag="008">041103|###########||||||b||||||||||spa|d</controlfield>
    <datafield tag="022" ind1=" " ind2=" ">
      <subfield code="a">16661354</subfield>
    </datafield>
    <datafield tag="040" ind1=" " ind2=" ">
      <subfield code="c">SIUNPA</subfield>
    </datafield>
    <datafield tag="041" ind1=" " ind2=" ">
      <subfield code="a">spa</subfield>
    </datafield>
    <datafield tag="044" ind1=" " ind2=" ">
      <subfield code="a">AR</subfield>
    </datafield>
    <datafield tag="080" ind1=" " ind2=" ">
      <subfield code="a">02-H-103</subfield>
    </datafield>
    <datafield tag="110" ind1=" " ind2=" ">
      <subfield code="a">Red Universitaria de Educación a Distancia (Argentina).</subfield>
    </datafield>
    <datafield tag="710" ind1=" " ind2=" ">
      <subfield code="a">Consejo Interuniversitario Nacional (Argentina).</subfield>
    </datafield>
    <datafield tag="245" ind1=" " ind2=" ">
      <subfield code="a">Rueda</subfield>
    </datafield>
    <datafield tag="260" ind1=" " ind2=" ">
      <subfield code="a">Buenos Aires</subfield>
      <subfield code="b"> : Consejo Interuniversitario Nacional</subfield>
      <subfield code="b"> : Miño y Dávila</subfield>
      <subfield code="c"> , [1995]-</subfield>
    </datafield>
    <datafield tag="310" ind1=" " ind2=" ">
      <subfield code="a">Desconocida</subfield>
    </datafield>
    <datafield tag="650" ind1=" " ind2=" ">
      <subfield code="a"> EDUCACION</subfield>
    </datafield>
    <datafield tag="650" ind1=" " ind2=" ">
      <subfield code="a"> ENSEÑANZA A DISTANCIA</subfield>
    </datafield>
    <datafield tag="942" ind1=" " ind2=" ">
      <subfield code="c">CR</subfield>
    </datafield>
    <datafield tag="952" ind1=" " ind2=" ">
      <subfield code="a">BIB_RECT</subfield>
      <subfield code="b">BIB_UACO</subfield>
      <subfield code="d">2005-08-23</subfield>
      <subfield code="y">CR</subfield>
      <subfield code="p">02-H-103</subfield>
      <subfield code="i">02-H-103</subfield>
      <subfield code="g">0</subfield>
      <subfield code="o">02-H-103</subfield>
      <subfield code="e">Canje y donación SIU</subfield>
      <subfield code="8">CG</subfield>
    </datafield>
    <datafield tag="952" ind1=" " ind2=" ">
      <subfield code="a">BIB_RECT</subfield>
      <subfield code="b">BIB_UART</subfield>
      <subfield code="d">2012-10-15</subfield>
      <subfield code="y">CR</subfield>
      <subfield code="p">03-h-811</subfield>
      <subfield code="i">03-h-811</subfield>
      <subfield code="g">0</subfield>
      <subfield code="o">02-H-103</subfield>
      <subfield code="e">Donación UASJ</subfield>
      <subfield code="8">CG</subfield>
    </datafield>
    <datafield tag="952" ind1=" " ind2=" ">
      <subfield code="a">BIB_RECT</subfield>
      <subfield code="b">BIB_UARG</subfield>
      <subfield code="d">2007-02-27</subfield>
      <subfield code="y">CR</subfield>
      <subfield code="p">05-h-405</subfield>
      <subfield code="i">05-h-405</subfield>
      <subfield code="g">0</subfield>
      <subfield code="o">02-H-103</subfield>
      <subfield code="e">Donación</subfield>
      <subfield code="8">CG</subfield>
    </datafield>
  </record>