
  <record>
    <leader>01000aam  22002601a 4500</leader>
    <controlfield tag="001">YPZ1488</controlfield>
    <controlfield tag="003">YPZ</controlfield>
    <controlfield tag="005">200406300000000</controlfield>
    <controlfield tag="008">040630|###########||||||b||||||||||spa|d</controlfield>
    <datafield tag="022" ind1=" " ind2=" ">
      <subfield code="a">16663683</subfield>
    </datafield>
    <datafield tag="040" ind1=" " ind2=" ">
      <subfield code="c">SIUNPA</subfield>
    </datafield>
    <datafield tag="041" ind1=" " ind2=" ">
      <subfield code="a">spa</subfield>
    </datafield>
    <datafield tag="080" ind1=" " ind2=" ">
      <subfield code="a">02-H-84</subfield>
    </datafield>
    <datafield tag="245" ind1=" " ind2=" ">
      <subfield code="a">Semiosis ilimitada</subfield>
    </datafield>
    <datafield tag="260" ind1=" " ind2=" ">
      <subfield code="a">Río Gallegos</subfield>
      <subfield code="b"> : UNPA</subfield>
      <subfield code="c"> , 2002-</subfield>
    </datafield>
    <datafield tag="300" ind1=" " ind2=" ">
      <subfield code="a">nos. : </subfield>
    </datafield>
    <datafield tag="310" ind1=" " ind2=" ">
      <subfield code="a">Anual</subfield>
    </datafield>
    <datafield tag="650" ind1=" " ind2=" ">
      <subfield code="a"> FILOSOFIA</subfield>
    </datafield>
    <datafield tag="650" ind1=" " ind2=" ">
      <subfield code="a"> LITERATURA</subfield>
    </datafield>
    <datafield tag="650" ind1=" " ind2=" ">
      <subfield code="a"> SEMIOTICA</subfield>
    </datafield>
    <datafield tag="942" ind1=" " ind2=" ">
      <subfield code="c">CR</subfield>
    </datafield>
    <datafield tag="952" ind1=" " ind2=" ">
      <subfield code="a">BIB_RECT</subfield>
      <subfield code="b">BIB_UACO</subfield>
      <subfield code="d">2005-08-23</subfield>
      <subfield code="y">CR</subfield>
      <subfield code="p">02-H-84</subfield>
      <subfield code="i">02-H-84</subfield>
      <subfield code="g">0</subfield>
      <subfield code="o">02-H-84</subfield>
      <subfield code="e">Secretaría de Extens</subfield>
      <subfield code="8">CG</subfield>
    </datafield>
    <datafield tag="952" ind1=" " ind2=" ">
      <subfield code="a">BIB_RECT</subfield>
      <subfield code="b">BIB_UART</subfield>
      <subfield code="d">2005-08-23</subfield>
      <subfield code="y">CR</subfield>
      <subfield code="p">03-H-86</subfield>
      <subfield code="i">03-H-86</subfield>
      <subfield code="g">0</subfield>
      <subfield code="o">02-H-84</subfield>
      <subfield code="e">Secretaría de Extens</subfield>
      <subfield code="8">CG</subfield>
    </datafield>
    <datafield tag="952" ind1=" " ind2=" ">
      <subfield code="a">BIB_RECT</subfield>
      <subfield code="b">BIB_UASJ</subfield>
      <subfield code="d">2005-08-23</subfield>
      <subfield code="y">CR</subfield>
      <subfield code="p">04-H-87</subfield>
      <subfield code="i">04-H-87</subfield>
      <subfield code="g">0</subfield>
      <subfield code="o">02-H-84</subfield>
      <subfield code="e">Secretaría de Extens</subfield>
      <subfield code="8">CG</subfield>
    </datafield>
    <datafield tag="952" ind1=" " ind2=" ">
      <subfield code="a">BIB_RECT</subfield>
      <subfield code="b">BIB_UARG</subfield>
      <subfield code="d">2005-08-23</subfield>
      <subfield code="y">CR</subfield>
      <subfield code="p">05-h-441</subfield>
      <subfield code="i">05-h-441</subfield>
      <subfield code="g">0</subfield>
      <subfield code="o">02-H-84</subfield>
      <subfield code="e">Secretaría de Extens</subfield>
      <subfield code="8">CG</subfield>
    </datafield>
    <datafield tag="952" ind1=" " ind2=" ">
      <subfield code="a">BIB_RECT</subfield>
      <subfield code="b">SAT_TRUN</subfield>
      <subfield code="d">2005-08-23</subfield>
      <subfield code="y">CR</subfield>
      <subfield code="p">10-H-93</subfield>
      <subfield code="i">10-H-93</subfield>
      <subfield code="g">0</subfield>
      <subfield code="o">02-H-84</subfield>
      <subfield code="e">Secretaría de Extens</subfield>
      <subfield code="8">CG</subfield>
    </datafield>
    <datafield tag="952" ind1=" " ind2=" ">
      <subfield code="a">BIB_RECT</subfield>
      <subfield code="b">SAT_PBNA</subfield>
      <subfield code="d">2005-08-23</subfield>
      <subfield code="y">CR</subfield>
      <subfield code="p">11-H-90</subfield>
      <subfield code="i">11-H-90</subfield>
      <subfield code="g">0</subfield>
      <subfield code="o">02-H-84</subfield>
      <subfield code="e">Secretaría de Extens</subfield>
      <subfield code="8">CG</subfield>
    </datafield>
    <datafield tag="952" ind1=" " ind2=" ">
      <subfield code="a">BIB_RECT</subfield>
      <subfield code="b">BIB_RECT</subfield>
      <subfield code="d">2005-08-23</subfield>
      <subfield code="y">CR</subfield>
      <subfield code="p">12-h-04</subfield>
      <subfield code="i">12-h-04</subfield>
      <subfield code="g">0</subfield>
      <subfield code="o">02-H-84</subfield>
      <subfield code="e">Secretaría de Extens</subfield>
      <subfield code="8">CG</subfield>
    </datafield>
    <datafield tag="952" ind1=" " ind2=" ">
      <subfield code="a">BIB_RECT</subfield>
      <subfield code="b">BIB_RECT</subfield>
      <subfield code="d">2005-08-23</subfield>
      <subfield code="y">CR</subfield>
      <subfield code="p">15-H-96</subfield>
      <subfield code="i">15-H-96</subfield>
      <subfield code="g">0</subfield>
      <subfield code="o">02-H-84</subfield>
      <subfield code="e">Secretaría de Extens</subfield>
      <subfield code="8">CG</subfield>
    </datafield>
    <datafield tag="952" ind1=" " ind2=" ">
      <subfield code="a">BIB_RECT</subfield>
      <subfield code="b">SAT_PDES</subfield>
      <subfield code="d">2005-08-23</subfield>
      <subfield code="y">CR</subfield>
      <subfield code="p">16-H-97</subfield>
      <subfield code="i">16-H-97</subfield>
      <subfield code="g">0</subfield>
      <subfield code="o">02-H-84</subfield>
      <subfield code="e">Secretaría de Extens</subfield>
      <subfield code="8">CG</subfield>
    </datafield>
    <datafield tag="952" ind1=" " ind2=" ">
      <subfield code="a">BIB_RECT</subfield>
      <subfield code="b">BIB_RECT</subfield>
      <subfield code="d">2010-02-12</subfield>
      <subfield code="y">CR</subfield>
      <subfield code="p">17-h-662</subfield>
      <subfield code="i">17-h-662</subfield>
      <subfield code="g">0</subfield>
      <subfield code="o">02-H-84</subfield>
      <subfield code="e">Desconocido</subfield>
      <subfield code="8">CG</subfield>
    </datafield>
    <datafield tag="952" ind1=" " ind2=" ">
      <subfield code="a">BIB_RECT</subfield>
      <subfield code="b">SAT_GREG</subfield>
      <subfield code="d">2010-02-22</subfield>
      <subfield code="y">CR</subfield>
      <subfield code="p">18-h-663</subfield>
      <subfield code="i">18-h-663</subfield>
      <subfield code="g">0</subfield>
      <subfield code="o">02-H-84</subfield>
      <subfield code="e">Canje y donación SIUNPA</subfield>
      <subfield code="8">CG</subfield>
    </datafield>
  </record>