
  <record>
    <leader>01000aam  22002601a 4500</leader>
    <controlfield tag="001">YPZ1489</controlfield>
    <controlfield tag="003">YPZ</controlfield>
    <controlfield tag="005">200506030000000</controlfield>
    <controlfield tag="008">050603|###########||||||b||||||||||spa|d</controlfield>
    <datafield tag="022" ind1=" " ind2=" ">
      <subfield code="a">16663748</subfield>
    </datafield>
    <datafield tag="040" ind1=" " ind2=" ">
      <subfield code="c">SIUNPA</subfield>
    </datafield>
    <datafield tag="041" ind1=" " ind2=" ">
      <subfield code="a">spa</subfield>
    </datafield>
    <datafield tag="044" ind1=" " ind2=" ">
      <subfield code="a">AR</subfield>
    </datafield>
    <datafield tag="080" ind1=" " ind2=" ">
      <subfield code="a">02-H-151</subfield>
    </datafield>
    <datafield tag="110" ind1=" " ind2=" ">
      <subfield code="a">Instituto Nacional de Estadísticas y Censos (Argentina).</subfield>
    </datafield>
    <datafield tag="245" ind1=" " ind2=" ">
      <subfield code="a">Origen provincial de las exportaciones</subfield>
    </datafield>
    <datafield tag="260" ind1=" " ind2=" ">
      <subfield code="a">Buenos Aires</subfield>
      <subfield code="b"> : INDEC</subfield>
      <subfield code="c"> , 1998</subfield>
    </datafield>
    <datafield tag="300" ind1=" " ind2=" ">
      <subfield code="a">v. : </subfield>
    </datafield>
    <datafield tag="310" ind1=" " ind2=" ">
      <subfield code="a">Anual</subfield>
    </datafield>
    <datafield tag="650" ind1=" " ind2=" ">
      <subfield code="a"> EXPORTACIONES</subfield>
    </datafield>
    <datafield tag="650" ind1=" " ind2=" ">
      <subfield code="a"> DATO ESTADISTICO</subfield>
    </datafield>
    <datafield tag="650" ind1=" " ind2=" ">
      <subfield code="a"> ARGENTINA</subfield>
    </datafield>
    <datafield tag="942" ind1=" " ind2=" ">
      <subfield code="c">CR</subfield>
    </datafield>
    <datafield tag="952" ind1=" " ind2=" ">
      <subfield code="a">BIB_RECT</subfield>
      <subfield code="b">BIB_UACO</subfield>
      <subfield code="d">2005-08-23</subfield>
      <subfield code="y">CR</subfield>
      <subfield code="p">02-H-151</subfield>
      <subfield code="i">02-H-151</subfield>
      <subfield code="g">8</subfield>
      <subfield code="o">02-H-151</subfield>
      <subfield code="e">INDEC</subfield>
      <subfield code="8">CG</subfield>
    </datafield>
  </record>