
  <record>
    <leader>01000aam  22002601a 4500</leader>
    <controlfield tag="001">YPZ5645</controlfield>
    <controlfield tag="003">YPZ</controlfield>
    <controlfield tag="005">200602131011020</controlfield>
    <controlfield tag="008">060213|###########||||||b||||||||||spa|d</controlfield>
    <datafield tag="022" ind1=" " ind2=" ">
      <subfield code="a">16662105</subfield>
    </datafield>
    <datafield tag="040" ind1=" " ind2=" ">
      <subfield code="c">SIUNPA</subfield>
    </datafield>
    <datafield tag="041" ind1=" " ind2=" ">
      <subfield code="a">spa</subfield>
    </datafield>
    <datafield tag="044" ind1=" " ind2=" ">
      <subfield code="a">AR</subfield>
    </datafield>
    <datafield tag="080" ind1=" " ind2=" ">
      <subfield code="a">05-H-454</subfield>
    </datafield>
    <datafield tag="110" ind1=" " ind2=" ">
      <subfield code="a">Universidad Nacional del Centro de la Provincia de Buenos Aires.</subfield>
    </datafield>
    <datafield tag="245" ind1=" " ind2=" ">
      <subfield code="a">Intersecciones en antropología</subfield>
    </datafield>
    <datafield tag="260" ind1=" " ind2=" ">
      <subfield code="a">Olavarría</subfield>
      <subfield code="b"> : Facultad de Ciencias Sociales, Universidad Nacional del Centro de la Provincia de Buenos Aires</subfield>
      <subfield code="c"> , 2000-</subfield>
    </datafield>
    <datafield tag="310" ind1=" " ind2=" ">
      <subfield code="a">Anual</subfield>
    </datafield>
    <datafield tag="650" ind1=" " ind2=" ">
      <subfield code="a"> ANTROPOLOGIA</subfield>
    </datafield>
    <datafield tag="942" ind1=" " ind2=" ">
      <subfield code="c">CR</subfield>
    </datafield>
    <datafield tag="952" ind1=" " ind2=" ">
      <subfield code="a">BIB_RECT</subfield>
      <subfield code="b">BIB_UARG</subfield>
      <subfield code="d">2005-09-15</subfield>
      <subfield code="y">CR</subfield>
      <subfield code="p">05-h-454</subfield>
      <subfield code="i">05-h-454</subfield>
      <subfield code="g">0</subfield>
      <subfield code="o">05-H-454</subfield>
      <subfield code="e">Donación Borella, Florencia</subfield>
      <subfield code="8">PP</subfield>
    </datafield>
  </record>