
  <record>
    <leader>01000aam  22002601a 4500</leader>
    <controlfield tag="001">YPZ5672</controlfield>
    <controlfield tag="003">YPZ</controlfield>
    <controlfield tag="005">200602161018170</controlfield>
    <controlfield tag="008">060216|###########||||||b||||||||||spa|d</controlfield>
    <datafield tag="040" ind1=" " ind2=" ">
      <subfield code="c">SIUNPA</subfield>
    </datafield>
    <datafield tag="041" ind1=" " ind2=" ">
      <subfield code="a">spa</subfield>
    </datafield>
    <datafield tag="044" ind1=" " ind2=" ">
      <subfield code="a">AR</subfield>
    </datafield>
    <datafield tag="080" ind1=" " ind2=" ">
      <subfield code="a">02-H-29</subfield>
    </datafield>
    <datafield tag="110" ind1=" " ind2=" ">
      <subfield code="a">Universidad Nacional de Córdoba. Facultad de Filosofía y Humanidades.</subfield>
    </datafield>
    <datafield tag="245" ind1=" " ind2=" ">
      <subfield code="a">Nombres</subfield>
      <subfield code="b"> : revista de filosofía</subfield>
    </datafield>
    <datafield tag="260" ind1=" " ind2=" ">
      <subfield code="a">Córdoba</subfield>
      <subfield code="b"> : Facultad de Filosofía y Humanidades, Universidad Nacional de Córdoba</subfield>
      <subfield code="c"> , [1991]-</subfield>
    </datafield>
    <datafield tag="310" ind1=" " ind2=" ">
      <subfield code="a">Irregular</subfield>
    </datafield>
    <datafield tag="650" ind1=" " ind2=" ">
      <subfield code="a"> FILOSOFIA</subfield>
    </datafield>
    <datafield tag="942" ind1=" " ind2=" ">
      <subfield code="c">CR</subfield>
    </datafield>
    <datafield tag="952" ind1=" " ind2=" ">
      <subfield code="a">BIB_RECT</subfield>
      <subfield code="b">BIB_UACO</subfield>
      <subfield code="d">2005-07-29</subfield>
      <subfield code="y">CR</subfield>
      <subfield code="p">02-h-29</subfield>
      <subfield code="i">02-h-29</subfield>
      <subfield code="g">0</subfield>
      <subfield code="o">02-H-29</subfield>
      <subfield code="e">Canje y donación SIUNPA</subfield>
      <subfield code="8">PP</subfield>
    </datafield>
  </record>