
  <record>
    <leader>01000aam  22002601a 4500</leader>
    <controlfield tag="001">YPZ5722</controlfield>
    <controlfield tag="003">YPZ</controlfield>
    <controlfield tag="005">200603021112290</controlfield>
    <controlfield tag="008">060302|###########||||||b||||||||||spa|d</controlfield>
    <datafield tag="022" ind1=" " ind2=" ">
      <subfield code="a">03283534</subfield>
    </datafield>
    <datafield tag="040" ind1=" " ind2=" ">
      <subfield code="c">SIUNPA</subfield>
    </datafield>
    <datafield tag="041" ind1=" " ind2=" ">
      <subfield code="a">spa</subfield>
    </datafield>
    <datafield tag="044" ind1=" " ind2=" ">
      <subfield code="a">AR</subfield>
    </datafield>
    <datafield tag="080" ind1=" " ind2=" ">
      <subfield code="a">05-H-371</subfield>
    </datafield>
    <datafield tag="245" ind1=" " ind2=" ">
      <subfield code="a">Novedades educativas</subfield>
    </datafield>
    <datafield tag="260" ind1=" " ind2=" ">
      <subfield code="a">Buenos Aires</subfield>
      <subfield code="b"> : Novedades Educativas</subfield>
      <subfield code="c"> , 1989-</subfield>
    </datafield>
    <datafield tag="500" ind1=" " ind2=" ">
      <subfield code="a">La publicación presenta el texto en dos partes de lectura invertida, con tapas, portadas e índices independientes desde el nro. 122 (feb. 2001) hasta el nro. 168 (dic. 2004) -- Subtitulos: Reflexión y debate, Ideas y recursos</subfield>
    </datafield>
    <datafield tag="650" ind1=" " ind2=" ">
      <subfield code="a"> EDUCACION</subfield>
    </datafield>
    <datafield tag="942" ind1=" " ind2=" ">
      <subfield code="c">CR</subfield>
    </datafield>
    <datafield tag="952" ind1=" " ind2=" ">
      <subfield code="a">BIB_RECT</subfield>
      <subfield code="b">BIB_UACO</subfield>
      <subfield code="d">2006-03-20</subfield>
      <subfield code="y">CR</subfield>
      <subfield code="p">02-h-069</subfield>
      <subfield code="i">02-h-069</subfield>
      <subfield code="g">0</subfield>
      <subfield code="o">05-H-371</subfield>
      <subfield code="e">UACO|Donación UASJ</subfield>
      <subfield code="8">PP</subfield>
    </datafield>
    <datafield tag="952" ind1=" " ind2=" ">
      <subfield code="a">BIB_RECT</subfield>
      <subfield code="b">BIB_UARG</subfield>
      <subfield code="d">2006-02-08</subfield>
      <subfield code="y">CR</subfield>
      <subfield code="p">05-h-371</subfield>
      <subfield code="i">05-h-371</subfield>
      <subfield code="g">0</subfield>
      <subfield code="o">05-H-371</subfield>
      <subfield code="e">PI 29/A121|ADEPA|SIUNPA</subfield>
      <subfield code="8">PP</subfield>
    </datafield>
  </record>