
  <record>
    <leader>01000aam  22002601a 4500</leader>
    <controlfield tag="001">YPZ5971</controlfield>
    <controlfield tag="003">YPZ</controlfield>
    <controlfield tag="005">200604201355400</controlfield>
    <controlfield tag="008">060420|###########||||||b||||||||||spa|d</controlfield>
    <datafield tag="020" ind1=" " ind2=" ">
      <subfield code="a">9872119902</subfield>
    </datafield>
    <datafield tag="020" ind1=" " ind2=" ">
      <subfield code="a">9872119910</subfield>
    </datafield>
    <datafield tag="040" ind1=" " ind2=" ">
      <subfield code="c">SIUNPA</subfield>
    </datafield>
    <datafield tag="041" ind1=" " ind2=" ">
      <subfield code="a">spa</subfield>
    </datafield>
    <datafield tag="044" ind1=" " ind2=" ">
      <subfield code="a">AR</subfield>
    </datafield>
    <datafield tag="080" ind1=" " ind2=" ">
      <subfield code="a">05-H-478</subfield>
    </datafield>
    <datafield tag="110" ind1=" " ind2=" ">
      <subfield code="a">Fundación Parques Nacionales.</subfield>
    </datafield>
    <datafield tag="245" ind1=" " ind2=" ">
      <subfield code="a">En Patagonia</subfield>
    </datafield>
    <datafield tag="260" ind1=" " ind2=" ">
      <subfield code="a">Buenos Aires</subfield>
      <subfield code="b"> : Fundación Parques Nacionales</subfield>
      <subfield code="c"> , 2003-</subfield>
    </datafield>
    <datafield tag="310" ind1=" " ind2=" ">
      <subfield code="a">Anual</subfield>
    </datafield>
    <datafield tag="650" ind1=" " ind2=" ">
      <subfield code="a"> PARQUES NACIONALES</subfield>
    </datafield>
    <datafield tag="650" ind1=" " ind2=" ">
      <subfield code="a"> ARGENTINA</subfield>
    </datafield>
    <datafield tag="942" ind1=" " ind2=" ">
      <subfield code="c">CR</subfield>
    </datafield>
    <datafield tag="952" ind1=" " ind2=" ">
      <subfield code="a">BIB_RECT</subfield>
      <subfield code="b">BIB_UACO</subfield>
      <subfield code="d">2011-10-05</subfield>
      <subfield code="y">CR</subfield>
      <subfield code="p">02-h-730</subfield>
      <subfield code="i">02-h-730</subfield>
      <subfield code="g">0</subfield>
      <subfield code="o">05-H-478</subfield>
      <subfield code="e">Fundación Parques Nacionales</subfield>
      <subfield code="8">PP</subfield>
    </datafield>
    <datafield tag="952" ind1=" " ind2=" ">
      <subfield code="a">BIB_RECT</subfield>
      <subfield code="b">BIB_UASJ</subfield>
      <subfield code="d">2016-02-11</subfield>
      <subfield code="y">CR</subfield>
      <subfield code="p">04-h-1020</subfield>
      <subfield code="i">04-h-1020</subfield>
      <subfield code="g">0</subfield>
      <subfield code="o">05-H-478</subfield>
      <subfield code="e">UASJ</subfield>
      <subfield code="8">PP</subfield>
    </datafield>
    <datafield tag="952" ind1=" " ind2=" ">
      <subfield code="a">BIB_RECT</subfield>
      <subfield code="b">BIB_UARG</subfield>
      <subfield code="d">2006-02-27</subfield>
      <subfield code="y">CR</subfield>
      <subfield code="p">05-h-478</subfield>
      <subfield code="i">05-h-478</subfield>
      <subfield code="g">10</subfield>
      <subfield code="o">05-H-478</subfield>
      <subfield code="e">Donación|UASJ</subfield>
      <subfield code="8">PP</subfield>
    </datafield>
  </record>