
  <record>
    <leader>01000aam  22002601a 4500</leader>
    <controlfield tag="001">YPZ6094</controlfield>
    <controlfield tag="003">YPZ</controlfield>
    <controlfield tag="005">200605181648350</controlfield>
    <controlfield tag="008">060518|###########||||||b||||||||||spa|d</controlfield>
    <datafield tag="022" ind1=" " ind2=" ">
      <subfield code="a">09424962</subfield>
    </datafield>
    <datafield tag="040" ind1=" " ind2=" ">
      <subfield code="c">SIUNPA</subfield>
    </datafield>
    <datafield tag="041" ind1=" " ind2=" ">
      <subfield code="a">eng</subfield>
    </datafield>
    <datafield tag="044" ind1=" " ind2=" ">
      <subfield code="a">DE</subfield>
    </datafield>
    <datafield tag="080" ind1=" " ind2=" ">
      <subfield code="a">02-h-38</subfield>
    </datafield>
    <datafield tag="110" ind1=" " ind2=" ">
      <subfield code="a">Association for Computing Machinery.</subfield>
    </datafield>
    <datafield tag="245" ind1=" " ind2=" ">
      <subfield code="a">Multimedia Systems</subfield>
    </datafield>
    <datafield tag="260" ind1=" " ind2=" ">
      <subfield code="a">Heidelberg</subfield>
      <subfield code="b"> : Springer</subfield>
      <subfield code="b"> : Association for Computing Machinery</subfield>
      <subfield code="c"> , 1993-</subfield>
    </datafield>
    <datafield tag="310" ind1=" " ind2=" ">
      <subfield code="a">Bimestral</subfield>
    </datafield>
    <datafield tag="650" ind1=" " ind2=" ">
      <subfield code="a"> INFORMATICA</subfield>
    </datafield>
    <datafield tag="942" ind1=" " ind2=" ">
      <subfield code="c">CR</subfield>
    </datafield>
    <datafield tag="952" ind1=" " ind2=" ">
      <subfield code="a">BIB_RECT</subfield>
      <subfield code="b">BIB_UACO</subfield>
      <subfield code="d">2006-03-15</subfield>
      <subfield code="y">CR</subfield>
      <subfield code="p">02-h-38</subfield>
      <subfield code="i">02-h-38</subfield>
      <subfield code="g">0</subfield>
      <subfield code="o">02-h-38</subfield>
      <subfield code="e">Donación Vilanova, Gabriela</subfield>
      <subfield code="8">PP</subfield>
    </datafield>
  </record>