
  <record>
    <leader>01000aam  22002601a 4500</leader>
    <controlfield tag="001">YPZ6128</controlfield>
    <controlfield tag="003">YPZ</controlfield>
    <controlfield tag="005">200605291359130</controlfield>
    <controlfield tag="008">060529|###########||||||b||||||||||spa|d</controlfield>
    <datafield tag="022" ind1=" " ind2=" ">
      <subfield code="a">16698517</subfield>
    </datafield>
    <datafield tag="040" ind1=" " ind2=" ">
      <subfield code="c">SIUNPA</subfield>
    </datafield>
    <datafield tag="041" ind1=" " ind2=" ">
      <subfield code="a">spa</subfield>
    </datafield>
    <datafield tag="044" ind1=" " ind2=" ">
      <subfield code="a">AR</subfield>
    </datafield>
    <datafield tag="080" ind1=" " ind2=" ">
      <subfield code="a">15-H-177</subfield>
    </datafield>
    <datafield tag="110" ind1=" " ind2=" ">
      <subfield code="a">Universidad Nacional de la Patagonia Austral.</subfield>
    </datafield>
    <datafield tag="245" ind1=" " ind2=" ">
      <subfield code="a">Espacios. Nueva serie</subfield>
    </datafield>
    <datafield tag="260" ind1=" " ind2=" ">
      <subfield code="a">Río Gallegos</subfield>
      <subfield code="b"> : UNPA</subfield>
      <subfield code="c"> , 2005-</subfield>
    </datafield>
    <datafield tag="310" ind1=" " ind2=" ">
      <subfield code="a">Anual</subfield>
    </datafield>
    <datafield tag="500" ind1=" " ind2=" ">
      <subfield code="a">El no. 1 apareció numerado erróneamente como no. 4</subfield>
    </datafield>
    <datafield tag="500" ind1=" " ind2=" ">
      <subfield code="a">No apareció en 2011</subfield>
    </datafield>
    <datafield tag="650" ind1=" " ind2=" ">
      <subfield code="a"> HISTORIA</subfield>
    </datafield>
    <datafield tag="650" ind1=" " ind2=" ">
      <subfield code="a"> EDUCACION</subfield>
    </datafield>
    <datafield tag="650" ind1=" " ind2=" ">
      <subfield code="a"> POLITICA</subfield>
    </datafield>
    <datafield tag="942" ind1=" " ind2=" ">
      <subfield code="c">CR</subfield>
    </datafield>
    <datafield tag="952" ind1=" " ind2=" ">
      <subfield code="a">BIB_RECT</subfield>
      <subfield code="b">BIB_UACO</subfield>
      <subfield code="d">2006-05-19</subfield>
      <subfield code="y">CR</subfield>
      <subfield code="p">02-h-81</subfield>
      <subfield code="i">02-h-81</subfield>
      <subfield code="g">0</subfield>
      <subfield code="o">15-H-177</subfield>
      <subfield code="e">Secretaría de Extensión - UNPA</subfield>
      <subfield code="8">PP</subfield>
    </datafield>
    <datafield tag="952" ind1=" " ind2=" ">
      <subfield code="a">BIB_RECT</subfield>
      <subfield code="b">BIB_UART</subfield>
      <subfield code="d">2006-05-19</subfield>
      <subfield code="y">CR</subfield>
      <subfield code="p">03-h-77</subfield>
      <subfield code="i">03-h-77</subfield>
      <subfield code="g">0</subfield>
      <subfield code="o">15-H-177</subfield>
      <subfield code="e">Secretaría de Extensión - UNPA</subfield>
      <subfield code="8">PP</subfield>
    </datafield>
    <datafield tag="952" ind1=" " ind2=" ">
      <subfield code="a">BIB_RECT</subfield>
      <subfield code="b">BIB_UASJ</subfield>
      <subfield code="d">2006-05-19</subfield>
      <subfield code="y">CR</subfield>
      <subfield code="p">04-h-105</subfield>
      <subfield code="i">04-h-105</subfield>
      <subfield code="g">0</subfield>
      <subfield code="o">15-H-177</subfield>
      <subfield code="e">Secretaría de Extensión - UNPA</subfield>
      <subfield code="8">PP</subfield>
    </datafield>
    <datafield tag="952" ind1=" " ind2=" ">
      <subfield code="a">BIB_RECT</subfield>
      <subfield code="b">BIB_UARG</subfield>
      <subfield code="d">2006-05-19</subfield>
      <subfield code="y">CR</subfield>
      <subfield code="p">05-h-516</subfield>
      <subfield code="i">05-h-516</subfield>
      <subfield code="g">0</subfield>
      <subfield code="o">15-H-177</subfield>
      <subfield code="e">Secretaría de Extensión - UNPA</subfield>
      <subfield code="8">PP</subfield>
    </datafield>
    <datafield tag="952" ind1=" " ind2=" ">
      <subfield code="a">BIB_RECT</subfield>
      <subfield code="b">SAT_TRUN</subfield>
      <subfield code="d">2006-05-19</subfield>
      <subfield code="y">CR</subfield>
      <subfield code="p">10-h-73</subfield>
      <subfield code="i">10-h-73</subfield>
      <subfield code="g">0</subfield>
      <subfield code="o">15-H-177</subfield>
      <subfield code="e">Secretaría de Extensión - UNPA</subfield>
      <subfield code="8">PP</subfield>
    </datafield>
    <datafield tag="952" ind1=" " ind2=" ">
      <subfield code="a">BIB_RECT</subfield>
      <subfield code="b">SAT_PBNA</subfield>
      <subfield code="d">2006-05-19</subfield>
      <subfield code="y">CR</subfield>
      <subfield code="p">11-h-71</subfield>
      <subfield code="i">11-h-71</subfield>
      <subfield code="g">0</subfield>
      <subfield code="o">15-H-177</subfield>
      <subfield code="e">Secretaría de Extensión - UNPA</subfield>
      <subfield code="8">PP</subfield>
    </datafield>
    <datafield tag="952" ind1=" " ind2=" ">
      <subfield code="a">BIB_RECT</subfield>
      <subfield code="b">BIB_RECT</subfield>
      <subfield code="d">2006-05-19</subfield>
      <subfield code="y">CR</subfield>
      <subfield code="p">12-h-53</subfield>
      <subfield code="i">12-h-53</subfield>
      <subfield code="g">0</subfield>
      <subfield code="o">15-H-177</subfield>
      <subfield code="e">Secretaría de Extensión - UNPA</subfield>
      <subfield code="8">PP</subfield>
    </datafield>
    <datafield tag="952" ind1=" " ind2=" ">
      <subfield code="a">BIB_RECT</subfield>
      <subfield code="b">BIB_RECT</subfield>
      <subfield code="d">2006-05-19</subfield>
      <subfield code="y">CR</subfield>
      <subfield code="p">15-h-177</subfield>
      <subfield code="i">15-h-177</subfield>
      <subfield code="g">0</subfield>
      <subfield code="o">15-H-177</subfield>
      <subfield code="e">Secretaría de Extensión - UNPA</subfield>
      <subfield code="8">PP</subfield>
    </datafield>
    <datafield tag="952" ind1=" " ind2=" ">
      <subfield code="a">BIB_RECT</subfield>
      <subfield code="b">SAT_PDES</subfield>
      <subfield code="d">2006-05-19</subfield>
      <subfield code="y">CR</subfield>
      <subfield code="p">16-h-68</subfield>
      <subfield code="i">16-h-68</subfield>
      <subfield code="g">0</subfield>
      <subfield code="o">15-H-177</subfield>
      <subfield code="e">Secretaría de Extensión - UNPA</subfield>
      <subfield code="8">PP</subfield>
    </datafield>
    <datafield tag="952" ind1=" " ind2=" ">
      <subfield code="a">BIB_RECT</subfield>
      <subfield code="b">BIB_RECT</subfield>
      <subfield code="d">2006-05-22</subfield>
      <subfield code="y">CR</subfield>
      <subfield code="p">17-h-76</subfield>
      <subfield code="i">17-h-76</subfield>
      <subfield code="g">0</subfield>
      <subfield code="o">15-H-177</subfield>
      <subfield code="e">Secretaría de Extensión - UNPA</subfield>
      <subfield code="8">PP</subfield>
    </datafield>
    <datafield tag="952" ind1=" " ind2=" ">
      <subfield code="a">BIB_RECT</subfield>
      <subfield code="b">SAT_GREG</subfield>
      <subfield code="d">2006-05-22</subfield>
      <subfield code="y">CR</subfield>
      <subfield code="p">18-h-72</subfield>
      <subfield code="i">18-h-72</subfield>
      <subfield code="g">0</subfield>
      <subfield code="o">15-H-177</subfield>
      <subfield code="e">Secretaría de Extensión - UNPA</subfield>
      <subfield code="8">PP</subfield>
    </datafield>
    <datafield tag="952" ind1=" " ind2=" ">
      <subfield code="a">BIB_RECT</subfield>
      <subfield code="b">BIB_RECT</subfield>
      <subfield code="d">2006-05-22</subfield>
      <subfield code="y">CR</subfield>
      <subfield code="p">19-h-74</subfield>
      <subfield code="i">19-h-74</subfield>
      <subfield code="g">0</subfield>
      <subfield code="o">15-H-177</subfield>
      <subfield code="e">Secretaría de Extensión - UNPA</subfield>
      <subfield code="8">PP</subfield>
    </datafield>
  </record>