
  <record>
    <leader>01000aam  22002601a 4500</leader>
    <controlfield tag="001">YPZ14800</controlfield>
    <controlfield tag="003">YPZ</controlfield>
    <controlfield tag="005">200608230947280</controlfield>
    <controlfield tag="008">060823|###########||||||b||||||||||spa|d</controlfield>
    <datafield tag="020" ind1=" " ind2=" ">
      <subfield code="a">9789505592220 (v.42)</subfield>
    </datafield>
    <datafield tag="022" ind1=" " ind2=" ">
      <subfield code="a">03261158</subfield>
    </datafield>
    <datafield tag="022" ind1=" " ind2=" ">
      <subfield code="a">03260263</subfield>
    </datafield>
    <datafield tag="040" ind1=" " ind2=" ">
      <subfield code="c">SIUNPA</subfield>
    </datafield>
    <datafield tag="041" ind1=" " ind2=" ">
      <subfield code="a">spa</subfield>
    </datafield>
    <datafield tag="044" ind1=" " ind2=" ">
      <subfield code="a">AR</subfield>
    </datafield>
    <datafield tag="080" ind1=" " ind2=" ">
      <subfield code="a">05-H-519</subfield>
    </datafield>
    <datafield tag="110" ind1=" " ind2=" ">
      <subfield code="a">Universidad Católica de Cuyo (San Juan, Argentina).</subfield>
    </datafield>
    <datafield tag="245" ind1=" " ind2=" ">
      <subfield code="a">Revista cuadernos de la Universidad</subfield>
    </datafield>
    <datafield tag="260" ind1=" " ind2=" ">
      <subfield code="a">San Juan</subfield>
      <subfield code="b"> : Universidad Católica de Cuyo</subfield>
      <subfield code="c"> , 1964-</subfield>
    </datafield>
    <datafield tag="310" ind1=" " ind2=" ">
      <subfield code="a">Irregular</subfield>
    </datafield>
    <datafield tag="500" ind1=" " ind2=" ">
      <subfield code="a">Tít. varía: Cuadernos de ciencia y técnica</subfield>
    </datafield>
    <datafield tag="500" ind1=" " ind2=" ">
      <subfield code="a">Numeración irregular</subfield>
    </datafield>
    <datafield tag="500" ind1=" " ind2=" ">
      <subfield code="a">Algunos fascículos con ISBN</subfield>
    </datafield>
    <datafield tag="650" ind1=" " ind2=" ">
      <subfield code="a"> CIENCIA</subfield>
    </datafield>
    <datafield tag="650" ind1=" " ind2=" ">
      <subfield code="a"> TECNOLOGIA</subfield>
    </datafield>
    <datafield tag="942" ind1=" " ind2=" ">
      <subfield code="c">CR</subfield>
    </datafield>
    <datafield tag="952" ind1=" " ind2=" ">
      <subfield code="a">BIB_RECT</subfield>
      <subfield code="b">BIB_UASJ</subfield>
      <subfield code="d">2009-06-23</subfield>
      <subfield code="y">CR</subfield>
      <subfield code="p">04-h-621</subfield>
      <subfield code="i">04-h-621</subfield>
      <subfield code="g">0</subfield>
      <subfield code="o">05-H-519</subfield>
      <subfield code="e">AdeS Márquez, María Eugenia</subfield>
      <subfield code="8">PP</subfield>
    </datafield>
    <datafield tag="952" ind1=" " ind2=" ">
      <subfield code="a">BIB_RECT</subfield>
      <subfield code="b">BIB_UARG</subfield>
      <subfield code="d">2006-08-14</subfield>
      <subfield code="y">CR</subfield>
      <subfield code="p">05-h-519</subfield>
      <subfield code="i">05-h-519</subfield>
      <subfield code="g">0</subfield>
      <subfield code="o">05-H-519</subfield>
      <subfield code="e">Canje y Donación SIUNPA</subfield>
      <subfield code="8">PP</subfield>
    </datafield>
  </record>