
  <record>
    <leader>01000aam  22002601a 4500</leader>
    <controlfield tag="001">YPZ14804</controlfield>
    <controlfield tag="003">YPZ</controlfield>
    <controlfield tag="005">200608231038520</controlfield>
    <controlfield tag="008">060823|###########||||||b||||||||||spa|d</controlfield>
    <datafield tag="040" ind1=" " ind2=" ">
      <subfield code="c">SIUNPA</subfield>
    </datafield>
    <datafield tag="041" ind1=" " ind2=" ">
      <subfield code="a">spa</subfield>
    </datafield>
    <datafield tag="044" ind1=" " ind2=" ">
      <subfield code="a">AR</subfield>
    </datafield>
    <datafield tag="080" ind1=" " ind2=" ">
      <subfield code="a">05-H-520</subfield>
    </datafield>
    <datafield tag="110" ind1=" " ind2=" ">
      <subfield code="a">Comunidad Mapuche-Tehuelche Aitué.</subfield>
    </datafield>
    <datafield tag="245" ind1=" " ind2=" ">
      <subfield code="a">Werken mapu</subfield>
    </datafield>
    <datafield tag="260" ind1=" " ind2=" ">
      <subfield code="a">Río Gallegos</subfield>
      <subfield code="b"> : Comunidad Mapuche-Tehuelche Aitué</subfield>
      <subfield code="c"> , 2006-</subfield>
    </datafield>
    <datafield tag="310" ind1=" " ind2=" ">
      <subfield code="a">Desconocida</subfield>
    </datafield>
    <datafield tag="650" ind1=" " ind2=" ">
      <subfield code="a"> INDIGENAS</subfield>
    </datafield>
    <datafield tag="650" ind1=" " ind2=" ">
      <subfield code="a"> TEHUELCHES</subfield>
    </datafield>
    <datafield tag="650" ind1=" " ind2=" ">
      <subfield code="a"> MAPUCHES</subfield>
    </datafield>
    <datafield tag="942" ind1=" " ind2=" ">
      <subfield code="c">CR</subfield>
    </datafield>
    <datafield tag="952" ind1=" " ind2=" ">
      <subfield code="a">BIB_RECT</subfield>
      <subfield code="b">BIB_UACO</subfield>
      <subfield code="d">2006-08-23</subfield>
      <subfield code="y">CR</subfield>
      <subfield code="p">02-h-189</subfield>
      <subfield code="i">02-h-189</subfield>
      <subfield code="g">0</subfield>
      <subfield code="o">05-H-520</subfield>
      <subfield code="e">Canje y donación SIUNPA</subfield>
      <subfield code="8">PP</subfield>
    </datafield>
    <datafield tag="952" ind1=" " ind2=" ">
      <subfield code="a">BIB_RECT</subfield>
      <subfield code="b">BIB_UART</subfield>
      <subfield code="d">2006-08-23</subfield>
      <subfield code="y">CR</subfield>
      <subfield code="p">03-h-183</subfield>
      <subfield code="i">03-h-183</subfield>
      <subfield code="g">0</subfield>
      <subfield code="o">05-H-520</subfield>
      <subfield code="e">Donación</subfield>
      <subfield code="8">PP</subfield>
    </datafield>
    <datafield tag="952" ind1=" " ind2=" ">
      <subfield code="a">BIB_RECT</subfield>
      <subfield code="b">BIB_UASJ</subfield>
      <subfield code="d">2006-08-23</subfield>
      <subfield code="y">CR</subfield>
      <subfield code="p">04-h-188</subfield>
      <subfield code="i">04-h-188</subfield>
      <subfield code="g">0</subfield>
      <subfield code="o">05-H-520</subfield>
      <subfield code="e">Donación</subfield>
      <subfield code="8">PP</subfield>
    </datafield>
    <datafield tag="952" ind1=" " ind2=" ">
      <subfield code="a">BIB_RECT</subfield>
      <subfield code="b">BIB_UARG</subfield>
      <subfield code="d">2006-08-14</subfield>
      <subfield code="y">CR</subfield>
      <subfield code="p">05-h-520</subfield>
      <subfield code="i">05-h-520</subfield>
      <subfield code="g">0</subfield>
      <subfield code="o">05-H-520</subfield>
      <subfield code="e">Donación</subfield>
      <subfield code="8">PP</subfield>
    </datafield>
  </record>