
  <record>
    <leader>01000aam  22002601a 4500</leader>
    <controlfield tag="001">YPZ16626</controlfield>
    <controlfield tag="003">YPZ</controlfield>
    <controlfield tag="005">200610251811180</controlfield>
    <controlfield tag="008">061025|###########||||||b||||||||||spa|d</controlfield>
    <datafield tag="022" ind1=" " ind2=" ">
      <subfield code="a">16666070</subfield>
    </datafield>
    <datafield tag="040" ind1=" " ind2=" ">
      <subfield code="c">SIUNPA</subfield>
    </datafield>
    <datafield tag="041" ind1=" " ind2=" ">
      <subfield code="a">spa</subfield>
      <subfield code="a">eng</subfield>
    </datafield>
    <datafield tag="044" ind1=" " ind2=" ">
      <subfield code="a">AR</subfield>
    </datafield>
    <datafield tag="080" ind1=" " ind2=" ">
      <subfield code="a">02-H-196</subfield>
    </datafield>
    <datafield tag="110" ind1=" " ind2=" ">
      <subfield code="a">Asociación Argentina de Mecánica Computacional.</subfield>
    </datafield>
    <datafield tag="245" ind1=" " ind2=" ">
      <subfield code="a">Mecánica computacional</subfield>
    </datafield>
    <datafield tag="260" ind1=" " ind2=" ">
      <subfield code="a">Buenos Aires</subfield>
      <subfield code="b"> : Asociación Argentina de Mecánica Computacional, AMCA</subfield>
      <subfield code="c"> , 1985-</subfield>
    </datafield>
    <datafield tag="300" ind1=" " ind2=" ">
      <subfield code="a">nos. : </subfield>
      <subfield code="a">nos. : </subfield>
      <subfield code="a">nos. : </subfield>
      <subfield code="a">nros. : </subfield>
      <subfield code="a">nos. : </subfield>
      <subfield code="a">nos. : </subfield>
      <subfield code="a">nos. : </subfield>
      <subfield code="a">v. : </subfield>
      <subfield code="a">nos. : </subfield>
      <subfield code="a">nos. : </subfield>
      <subfield code="a">nos. : </subfield>
      <subfield code="a">nos. : </subfield>
      <subfield code="a">nos. : </subfield>
      <subfield code="a">v. : </subfield>
      <subfield code="a">nos. : </subfield>
      <subfield code="a">nos. : </subfield>
      <subfield code="a">nos. : </subfield>
      <subfield code="a">v. : </subfield>
      <subfield code="a">v. : </subfield>
      <subfield code="a">nos. : </subfield>
      <subfield code="a">nos. : </subfield>
      <subfield code="a">v. : </subfield>
      <subfield code="a">nos. : </subfield>
      <subfield code="a">nos. : </subfield>
      <subfield code="a">v. : </subfield>
      <subfield code="a">v. : </subfield>
      <subfield code="a">v. : </subfield>
      <subfield code="a">v. : </subfield>
      <subfield code="a">nos. : </subfield>
      <subfield code="a">v. : </subfield>
      <subfield code="a">nos. : </subfield>
      <subfield code="a">nos. : </subfield>
      <subfield code="a">v. : </subfield>
      <subfield code="a">v. : </subfield>
      <subfield code="a">nos. : </subfield>
      <subfield code="a">1 CD-ROM : </subfield>
      <subfield code="a">v. : </subfield>
      <subfield code="a">nos. : </subfield>
      <subfield code="a">nos. : </subfield>
      <subfield code="a">nos. : </subfield>
      <subfield code="a">nos. : </subfield>
      <subfield code="a">nos. : </subfield>
      <subfield code="a">CD-ROM : </subfield>
      <subfield code="a">1 CD-ROM : </subfield>
      <subfield code="a">nos. : </subfield>
      <subfield code="a">nos. : </subfield>
      <subfield code="a">nos. : </subfield>
      <subfield code="a">nos. : </subfield>
      <subfield code="b">il. ; </subfield>
      <subfield code="a">nos. : </subfield>
      <subfield code="a">62 p. : </subfield>
      <subfield code="b">il. ; </subfield>
      <subfield code="a">nos. : </subfield>
      <subfield code="a">v. : </subfield>
      <subfield code="a">v. : </subfield>
      <subfield code="a">nos. : </subfield>
      <subfield code="a">nos. : </subfield>
      <subfield code="a">nos. : </subfield>
      <subfield code="a">v. : </subfield>
      <subfield code="a">nos. : </subfield>
      <subfield code="a">v. : </subfield>
      <subfield code="b">il. ; </subfield>
      <subfield code="a">nos. : </subfield>
      <subfield code="a">v. : </subfield>
      <subfield code="a">nos. : </subfield>
      <subfield code="a">v. : </subfield>
      <subfield code="a">v. : </subfield>
      <subfield code="a">nos. : </subfield>
      <subfield code="a">nos. : </subfield>
      <subfield code="b">nos. ; </subfield>
      <subfield code="a">nos. : </subfield>
      <subfield code="b">il. ; </subfield>
      <subfield code="a">v. : </subfield>
      <subfield code="e">1 CD-ROM en bolsillo</subfield>
    </datafield>
    <datafield tag="310" ind1=" " ind2=" ">
      <subfield code="a">Anual</subfield>
    </datafield>
    <datafield tag="650" ind1=" " ind2=" ">
      <subfield code="a"> INFORMATICA</subfield>
    </datafield>
    <datafield tag="942" ind1=" " ind2=" ">
      <subfield code="c">CR</subfield>
    </datafield>
    <datafield tag="952" ind1=" " ind2=" ">
      <subfield code="a">BIB_RECT</subfield>
      <subfield code="b">BIB_UACO</subfield>
      <subfield code="d">2006-10-10</subfield>
      <subfield code="y">CR</subfield>
      <subfield code="p">02-h-196</subfield>
      <subfield code="i">02-h-196</subfield>
      <subfield code="g">0</subfield>
      <subfield code="o">02-H-196</subfield>
      <subfield code="e">Donación</subfield>
      <subfield code="8">PP</subfield>
    </datafield>
  </record>