
  <record>
    <leader>01000aam  22002601a 4500</leader>
    <controlfield tag="001">YPZ18411</controlfield>
    <controlfield tag="003">YPZ</controlfield>
    <controlfield tag="005">200612181524130</controlfield>
    <controlfield tag="008">061218|###########||||||b||||||||||spa|d</controlfield>
    <datafield tag="040" ind1=" " ind2=" ">
      <subfield code="c">SIUNPA</subfield>
    </datafield>
    <datafield tag="041" ind1=" " ind2=" ">
      <subfield code="a">spa</subfield>
    </datafield>
    <datafield tag="044" ind1=" " ind2=" ">
      <subfield code="a">AR</subfield>
    </datafield>
    <datafield tag="080" ind1=" " ind2=" ">
      <subfield code="a">05-H-527</subfield>
    </datafield>
    <datafield tag="110" ind1=" " ind2=" ">
      <subfield code="a">INTA. Dirección Nacional de Extensión y Fomento Agropecuario. Departamento de Comunicaciones en Extensión Rural.</subfield>
    </datafield>
    <datafield tag="245" ind1=" " ind2=" ">
      <subfield code="a">Dialoguemos</subfield>
    </datafield>
    <datafield tag="260" ind1=" " ind2=" ">
      <subfield code="a">Buenos Aires</subfield>
      <subfield code="b"> : INTA</subfield>
      <subfield code="c"> , 1982-</subfield>
    </datafield>
    <datafield tag="310" ind1=" " ind2=" ">
      <subfield code="a">Bimestral</subfield>
    </datafield>
    <datafield tag="440" ind1=" " ind2=" ">
      <subfield code="p">Indice de autor (sept. 2001)</subfield>
      <subfield code="p">Indice por tema (oct. 2001)</subfield>
      <subfield code="p">2002, Mining specs 2002</subfield>
      <subfield code="p">nos. 1-75 (1978-2003) en CD-ROM</subfield>
      <subfield code="a">Estudios</subfield>
      <subfield code="a">Formación técnica. Comunicaciones</subfield>
      <subfield code="v">500</subfield>
    </datafield>
    <datafield tag="490" ind1=" " ind2=" ">
      <subfield code="a">Estudios</subfield>
      <subfield code="a">Formación técnica. Comunicaciones</subfield>
      <subfield code="v">500</subfield>
    </datafield>
    <datafield tag="650" ind1=" " ind2=" ">
      <subfield code="a"> COMUNICACION SOCIAL</subfield>
    </datafield>
    <datafield tag="942" ind1=" " ind2=" ">
      <subfield code="c">CR</subfield>
    </datafield>
    <datafield tag="952" ind1=" " ind2=" ">
      <subfield code="a">BIB_RECT</subfield>
      <subfield code="b">BIB_UARG</subfield>
      <subfield code="d">2006-12-18</subfield>
      <subfield code="y">CR</subfield>
      <subfield code="p">05-H-527</subfield>
      <subfield code="i">05-H-527</subfield>
      <subfield code="g">0</subfield>
      <subfield code="o">05-H-527</subfield>
      <subfield code="e">Canje SIUNPA</subfield>
      <subfield code="8">CG</subfield>
    </datafield>
  </record>