
  <record>
    <leader>01000aam  22002601a 4500</leader>
    <controlfield tag="001">YPZ20214</controlfield>
    <controlfield tag="003">YPZ</controlfield>
    <controlfield tag="005">200705241728060</controlfield>
    <controlfield tag="008">070524|###########||||||b||||||||||spa|d</controlfield>
    <datafield tag="022" ind1=" " ind2=" ">
      <subfield code="a">03282333</subfield>
    </datafield>
    <datafield tag="040" ind1=" " ind2=" ">
      <subfield code="c">SIUNPA</subfield>
    </datafield>
    <datafield tag="041" ind1=" " ind2=" ">
      <subfield code="a">spa</subfield>
    </datafield>
    <datafield tag="044" ind1=" " ind2=" ">
      <subfield code="a">AR</subfield>
    </datafield>
    <datafield tag="080" ind1=" " ind2=" ">
      <subfield code="a">05-h-464</subfield>
    </datafield>
    <datafield tag="245" ind1=" " ind2=" ">
      <subfield code="a">Programa nacional de cartas geológicas</subfield>
      <subfield code="b"> : 1:250.000</subfield>
    </datafield>
    <datafield tag="260" ind1=" " ind2=" ">
      <subfield code="a">Buenos Aires</subfield>
      <subfield code="b"> : Secretaría de minería de la Nación</subfield>
      <subfield code="b"> : Asociación Geológica Argentina</subfield>
      <subfield code="c"> , 1994</subfield>
    </datafield>
    <datafield tag="310" ind1=" " ind2=" ">
      <subfield code="a">Irregular</subfield>
    </datafield>
    <datafield tag="942" ind1=" " ind2=" ">
      <subfield code="c">CR</subfield>
    </datafield>
    <datafield tag="952" ind1=" " ind2=" ">
      <subfield code="a">BIB_RECT</subfield>
      <subfield code="b">BIB_UARG</subfield>
      <subfield code="d">2007-06-04</subfield>
      <subfield code="y">CR</subfield>
      <subfield code="p">05-h-464</subfield>
      <subfield code="i">05-h-464</subfield>
      <subfield code="g">0</subfield>
      <subfield code="o">05-h-464</subfield>
      <subfield code="e"/>
      <subfield code="8">PP</subfield>
    </datafield>
  </record>