
  <record>
    <leader>01000aam  22002601a 4500</leader>
    <controlfield tag="001">YPZ20575</controlfield>
    <controlfield tag="003">YPZ</controlfield>
    <controlfield tag="005">200705241728060</controlfield>
    <controlfield tag="008">070524|###########||||||b||||||||||spa|d</controlfield>
    <datafield tag="040" ind1=" " ind2=" ">
      <subfield code="c">SIUNPA</subfield>
    </datafield>
    <datafield tag="041" ind1=" " ind2=" ">
      <subfield code="a">spa</subfield>
    </datafield>
    <datafield tag="044" ind1=" " ind2=" ">
      <subfield code="a">EC</subfield>
    </datafield>
    <datafield tag="245" ind1=" " ind2=" ">
      <subfield code="a">CHASQUI, Revista Latinoamericana de comunicación</subfield>
      <subfield code="b"> : Revista Latinoamericana de comunicación</subfield>
      <subfield code="c"> / ed.; Montúfar. Fernando Checa ; dir.; De La Torre. Asdrúbal</subfield>
    </datafield>
    <datafield tag="260" ind1=" " ind2=" ">
      <subfield code="a">Quito</subfield>
      <subfield code="b"> : QUIPUS - CIESPAL</subfield>
      <subfield code="c"> , 1990</subfield>
    </datafield>
    <datafield tag="310" ind1=" " ind2=" ">
      <subfield code="a">Trimestral</subfield>
    </datafield>
    <datafield tag="650" ind1=" " ind2=" ">
      <subfield code="a">COMUNICACION</subfield>
    </datafield>
    <datafield tag="942" ind1=" " ind2=" ">
      <subfield code="c">CR</subfield>
    </datafield>
    <datafield tag="952" ind1=" " ind2=" ">
      <subfield code="a">BIB_RECT</subfield>
      <subfield code="b">BIB_UARG</subfield>
      <subfield code="d">2007-06-04</subfield>
      <subfield code="y">CR</subfield>
      <subfield code="p">05-H-101</subfield>
      <subfield code="i">05-H-101</subfield>
      <subfield code="g"/>
      <subfield code="o"/>
      <subfield code="e"/>
      <subfield code="8">PP</subfield>
    </datafield>
  </record>