
  <record>
    <leader>01000aam  22002601a 4500</leader>
    <controlfield tag="001">YPZ86997</controlfield>
    <controlfield tag="003">YPZ</controlfield>
    <controlfield tag="005">200709171611490</controlfield>
    <controlfield tag="008">070917|###########||||||b||||||||||spa|d</controlfield>
    <datafield tag="040" ind1=" " ind2=" ">
      <subfield code="c">SIUNPA</subfield>
    </datafield>
    <datafield tag="041" ind1=" " ind2=" ">
      <subfield code="a">spa</subfield>
    </datafield>
    <datafield tag="044" ind1=" " ind2=" ">
      <subfield code="a">AR</subfield>
    </datafield>
    <datafield tag="080" ind1=" " ind2=" ">
      <subfield code="a">04-H-458</subfield>
    </datafield>
    <datafield tag="110" ind1=" " ind2=" ">
      <subfield code="a">Argentina. Ministerio de Educación, Ciencia y Tecnología de la Nación. Dirección Nacional de Información y Evaluación de la Calidad Educativa, DINIECE.</subfield>
    </datafield>
    <datafield tag="245" ind1=" " ind2=" ">
      <subfield code="a">Temas de educación</subfield>
    </datafield>
    <datafield tag="260" ind1=" " ind2=" ">
      <subfield code="a">Buenos Aires</subfield>
      <subfield code="b"> : Ministerio de Educación, Ciencia y Tecnología de la Nación. Dirección Nacional de Información y Evaluación de la Calidad Educativa, DINIECE</subfield>
      <subfield code="c"> , 2006-</subfield>
    </datafield>
    <datafield tag="310" ind1=" " ind2=" ">
      <subfield code="a">Desconocida</subfield>
    </datafield>
    <datafield tag="650" ind1=" " ind2=" ">
      <subfield code="a"> EDUCACION</subfield>
    </datafield>
    <datafield tag="650" ind1=" " ind2=" ">
      <subfield code="a"> ARGENTINA</subfield>
    </datafield>
    <datafield tag="942" ind1=" " ind2=" ">
      <subfield code="c">CR</subfield>
    </datafield>
    <datafield tag="952" ind1=" " ind2=" ">
      <subfield code="a">BIB_RECT</subfield>
      <subfield code="b">BIB_UACO</subfield>
      <subfield code="d">2008-12-16</subfield>
      <subfield code="y">CR</subfield>
      <subfield code="p">02-h-612</subfield>
      <subfield code="i">02-h-612</subfield>
      <subfield code="g">0</subfield>
      <subfield code="o">04-H-458</subfield>
      <subfield code="e">Desonocido</subfield>
      <subfield code="8">PP</subfield>
    </datafield>
    <datafield tag="952" ind1=" " ind2=" ">
      <subfield code="a">BIB_RECT</subfield>
      <subfield code="b">BIB_UASJ</subfield>
      <subfield code="d">2007-09-13</subfield>
      <subfield code="y">CR</subfield>
      <subfield code="p">04-h-458</subfield>
      <subfield code="i">04-h-458</subfield>
      <subfield code="g">0</subfield>
      <subfield code="o">04-H-458</subfield>
      <subfield code="e"/>
      <subfield code="8">PP</subfield>
    </datafield>
    <datafield tag="952" ind1=" " ind2=" ">
      <subfield code="a">BIB_RECT</subfield>
      <subfield code="b">BIB_UARG</subfield>
      <subfield code="d">2009-09-14</subfield>
      <subfield code="y">CR</subfield>
      <subfield code="p">05-h-635</subfield>
      <subfield code="i">05-h-635</subfield>
      <subfield code="g">0</subfield>
      <subfield code="o">04-H-458</subfield>
      <subfield code="e">Ivanissevich, María Laura</subfield>
      <subfield code="8">PP</subfield>
    </datafield>
    <datafield tag="952" ind1=" " ind2=" ">
      <subfield code="a">BIB_RECT</subfield>
      <subfield code="b">SAT_PBNA</subfield>
      <subfield code="d">2008-10-21</subfield>
      <subfield code="y">CR</subfield>
      <subfield code="p">11-h-606</subfield>
      <subfield code="i">11-h-606</subfield>
      <subfield code="g">0</subfield>
      <subfield code="o">04-H-458</subfield>
      <subfield code="e">UASJ</subfield>
      <subfield code="8">PP</subfield>
    </datafield>
  </record>