
  <record>
    <leader>01000aam  22002601a 4500</leader>
    <controlfield tag="001">YPZ86998</controlfield>
    <controlfield tag="003">YPZ</controlfield>
    <controlfield tag="005">200709171701540</controlfield>
    <controlfield tag="008">070917|###########||||||b||||||||||spa|d</controlfield>
    <datafield tag="022" ind1=" " ind2=" ">
      <subfield code="a">16699084</subfield>
    </datafield>
    <datafield tag="040" ind1=" " ind2=" ">
      <subfield code="c">SIUNPA</subfield>
    </datafield>
    <datafield tag="041" ind1=" " ind2=" ">
      <subfield code="a">spa</subfield>
    </datafield>
    <datafield tag="044" ind1=" " ind2=" ">
      <subfield code="a">AR</subfield>
    </datafield>
    <datafield tag="080" ind1=" " ind2=" ">
      <subfield code="a">05-H-545</subfield>
    </datafield>
    <datafield tag="245" ind1=" " ind2=" ">
      <subfield code="a">Revista de estudios regionales y mercado de trabajo</subfield>
    </datafield>
    <datafield tag="260" ind1=" " ind2=" ">
      <subfield code="a">Buenos Aires</subfield>
      <subfield code="b"> : Sistema de Información del Mercado Laboral, SIMEL</subfield>
      <subfield code="b"> : Centro de Estudios Urbanos y Regionales, CEUR</subfield>
      <subfield code="c"> , 2005-</subfield>
    </datafield>
    <datafield tag="310" ind1=" " ind2=" ">
      <subfield code="a">Anual</subfield>
    </datafield>
    <datafield tag="650" ind1=" " ind2=" ">
      <subfield code="a"> SOCIOLOGIA DEL TRABAJO</subfield>
    </datafield>
    <datafield tag="650" ind1=" " ind2=" ">
      <subfield code="a"> MERCADO LABORAL</subfield>
    </datafield>
    <datafield tag="650" ind1=" " ind2=" ">
      <subfield code="a"> ARGENTINA</subfield>
    </datafield>
    <datafield tag="942" ind1=" " ind2=" ">
      <subfield code="c">CR</subfield>
    </datafield>
    <datafield tag="952" ind1=" " ind2=" ">
      <subfield code="a">BIB_RECT</subfield>
      <subfield code="b">BIB_UACO</subfield>
      <subfield code="d">2009-10-29</subfield>
      <subfield code="y">CR</subfield>
      <subfield code="p">02-h-645</subfield>
      <subfield code="i">02-h-645</subfield>
      <subfield code="g">0</subfield>
      <subfield code="o">05-H-545</subfield>
      <subfield code="e">Sec. de Investigación UACO</subfield>
      <subfield code="8">PP</subfield>
    </datafield>
    <datafield tag="952" ind1=" " ind2=" ">
      <subfield code="a">BIB_RECT</subfield>
      <subfield code="b">BIB_UART</subfield>
      <subfield code="d">2010-08-25</subfield>
      <subfield code="y">CR</subfield>
      <subfield code="p">03-h-677</subfield>
      <subfield code="i">03-h-677</subfield>
      <subfield code="g">0</subfield>
      <subfield code="o">05-H-545</subfield>
      <subfield code="e">Donación Lic. Cicciari, María Rosa</subfield>
      <subfield code="8">PP</subfield>
    </datafield>
    <datafield tag="952" ind1=" " ind2=" ">
      <subfield code="a">BIB_RECT</subfield>
      <subfield code="b">BIB_UASJ</subfield>
      <subfield code="d">2014-10-21</subfield>
      <subfield code="y">CR</subfield>
      <subfield code="p">04-h-1014</subfield>
      <subfield code="i">04-h-1014</subfield>
      <subfield code="g">0</subfield>
      <subfield code="o">05-H-545</subfield>
      <subfield code="e">UASJ</subfield>
      <subfield code="8">PP</subfield>
    </datafield>
    <datafield tag="952" ind1=" " ind2=" ">
      <subfield code="a">BIB_RECT</subfield>
      <subfield code="b">BIB_UARG</subfield>
      <subfield code="d">2007-08-28</subfield>
      <subfield code="y">CR</subfield>
      <subfield code="p">05-h-545</subfield>
      <subfield code="i">05-h-545</subfield>
      <subfield code="g">0</subfield>
      <subfield code="o">05-H-545</subfield>
      <subfield code="e">Prof. Vacca, Carlos</subfield>
      <subfield code="8">PP</subfield>
    </datafield>
    <datafield tag="952" ind1=" " ind2=" ">
      <subfield code="a">BIB_RECT</subfield>
      <subfield code="b">SAT_TRUN</subfield>
      <subfield code="d">2012-09-18</subfield>
      <subfield code="y">CR</subfield>
      <subfield code="p">10-h-676</subfield>
      <subfield code="i">10-h-676</subfield>
      <subfield code="g">0</subfield>
      <subfield code="o">05-H-545</subfield>
      <subfield code="e">Donación Lic. Cicciari / Donación UASJ</subfield>
      <subfield code="8">PP</subfield>
    </datafield>
  </record>