
  <record>
    <leader>01000aam  22002601a 4500</leader>
    <controlfield tag="001">YPZ87077</controlfield>
    <controlfield tag="003">YPZ</controlfield>
    <controlfield tag="005">200710041159070</controlfield>
    <controlfield tag="008">071004|###########||||||b||||||||||spa|d</controlfield>
    <datafield tag="040" ind1=" " ind2=" ">
      <subfield code="c">SIUNPA</subfield>
    </datafield>
    <datafield tag="041" ind1=" " ind2=" ">
      <subfield code="a">eng</subfield>
    </datafield>
    <datafield tag="044" ind1=" " ind2=" ">
      <subfield code="a">AR</subfield>
    </datafield>
    <datafield tag="080" ind1=" " ind2=" ">
      <subfield code="a">04-H-176</subfield>
    </datafield>
    <datafield tag="110" ind1=" " ind2=" ">
      <subfield code="a">Asociación Argentina de Productores Asesores de Seguros.</subfield>
    </datafield>
    <datafield tag="245" ind1=" " ind2=" ">
      <subfield code="a">Seguros</subfield>
    </datafield>
    <datafield tag="260" ind1=" " ind2=" ">
      <subfield code="a">Buenos Aires</subfield>
      <subfield code="b"> : Asociación Argentina de Productores Asesores de Seguros, AAPAS</subfield>
      <subfield code="c"> , [1969?]-</subfield>
    </datafield>
    <datafield tag="310" ind1=" " ind2=" ">
      <subfield code="a">Desconocida</subfield>
    </datafield>
    <datafield tag="650" ind1=" " ind2=" ">
      <subfield code="a"> SEGUROS</subfield>
    </datafield>
    <datafield tag="942" ind1=" " ind2=" ">
      <subfield code="c">CR</subfield>
    </datafield>
    <datafield tag="952" ind1=" " ind2=" ">
      <subfield code="a">BIB_RECT</subfield>
      <subfield code="b">BIB_UASJ</subfield>
      <subfield code="d">2007-10-20</subfield>
      <subfield code="y">CR</subfield>
      <subfield code="p">04-h-176</subfield>
      <subfield code="i">04-h-176</subfield>
      <subfield code="g">0</subfield>
      <subfield code="o">04-H-176</subfield>
      <subfield code="e">Donación Instituto de lengua inglesa SJ</subfield>
      <subfield code="8">PP</subfield>
    </datafield>
  </record>