
  <record>
    <leader>01000aam  22002601a 4500</leader>
    <controlfield tag="001">YPZ87452</controlfield>
    <controlfield tag="003">YPZ</controlfield>
    <controlfield tag="005">200802151620300</controlfield>
    <controlfield tag="008">080215|###########||||||b||||||||||spa|d</controlfield>
    <datafield tag="040" ind1=" " ind2=" ">
      <subfield code="c">SIUNPA</subfield>
    </datafield>
    <datafield tag="080" ind1=" " ind2=" ">
      <subfield code="a">05-H-556</subfield>
    </datafield>
    <datafield tag="110" ind1=" " ind2=" ">
      <subfield code="a">Fundación Universidad Nacional de la Patagonia Austral, FUNPA.</subfield>
    </datafield>
    <datafield tag="245" ind1=" " ind2=" ">
      <subfield code="a">Contrapunto</subfield>
      <subfield code="b"> : universidad, estado y sociedad</subfield>
    </datafield>
    <datafield tag="260" ind1=" " ind2=" ">
      <subfield code="a">Río Gallegos</subfield>
      <subfield code="b"> : FUNPA</subfield>
      <subfield code="c"> , 2007-</subfield>
    </datafield>
    <datafield tag="310" ind1=" " ind2=" ">
      <subfield code="a">Desconocida</subfield>
    </datafield>
    <datafield tag="650" ind1=" " ind2=" ">
      <subfield code="a"> UNIVERSIDAD</subfield>
    </datafield>
    <datafield tag="650" ind1=" " ind2=" ">
      <subfield code="a"> SANTA CRUZ</subfield>
    </datafield>
    <datafield tag="942" ind1=" " ind2=" ">
      <subfield code="c">CR</subfield>
    </datafield>
    <datafield tag="952" ind1=" " ind2=" ">
      <subfield code="a">BIB_RECT</subfield>
      <subfield code="b">BIB_UACO</subfield>
      <subfield code="d">2008-06-03</subfield>
      <subfield code="y">CR</subfield>
      <subfield code="p">02-h-584</subfield>
      <subfield code="i">02-h-584</subfield>
      <subfield code="g">0</subfield>
      <subfield code="o">05-H-556</subfield>
      <subfield code="e">Canje</subfield>
      <subfield code="8">PP</subfield>
    </datafield>
    <datafield tag="952" ind1=" " ind2=" ">
      <subfield code="a">BIB_RECT</subfield>
      <subfield code="b">BIB_UART</subfield>
      <subfield code="d">2008-06-04</subfield>
      <subfield code="y">CR</subfield>
      <subfield code="p">03-h-585</subfield>
      <subfield code="i">03-h-585</subfield>
      <subfield code="g">0</subfield>
      <subfield code="o">05-H-556</subfield>
      <subfield code="e">Canje</subfield>
      <subfield code="8">PP</subfield>
    </datafield>
    <datafield tag="952" ind1=" " ind2=" ">
      <subfield code="a">BIB_RECT</subfield>
      <subfield code="b">BIB_UASJ</subfield>
      <subfield code="d">2008-06-03</subfield>
      <subfield code="y">CR</subfield>
      <subfield code="p">04-h-579</subfield>
      <subfield code="i">04-h-579</subfield>
      <subfield code="g">0</subfield>
      <subfield code="o">05-H-556</subfield>
      <subfield code="e">Canje</subfield>
      <subfield code="8">PP</subfield>
    </datafield>
    <datafield tag="952" ind1=" " ind2=" ">
      <subfield code="a">BIB_RECT</subfield>
      <subfield code="b">BIB_UARG</subfield>
      <subfield code="d">2008-02-15</subfield>
      <subfield code="y">CR</subfield>
      <subfield code="p">05-h-556</subfield>
      <subfield code="i">05-h-556</subfield>
      <subfield code="g">0</subfield>
      <subfield code="o">05-H-556</subfield>
      <subfield code="e">FUNPA</subfield>
      <subfield code="8">PP</subfield>
    </datafield>
    <datafield tag="952" ind1=" " ind2=" ">
      <subfield code="a">BIB_RECT</subfield>
      <subfield code="b">SAT_TRUN</subfield>
      <subfield code="d">2008-06-04</subfield>
      <subfield code="y">CR</subfield>
      <subfield code="p">10-h-582</subfield>
      <subfield code="i">10-h-582</subfield>
      <subfield code="g">0</subfield>
      <subfield code="o">05-H-556</subfield>
      <subfield code="e">Donación</subfield>
      <subfield code="8">PP</subfield>
    </datafield>
    <datafield tag="952" ind1=" " ind2=" ">
      <subfield code="a">BIB_RECT</subfield>
      <subfield code="b">SAT_PBNA</subfield>
      <subfield code="d">2008-06-04</subfield>
      <subfield code="y">CR</subfield>
      <subfield code="p">11-h-580</subfield>
      <subfield code="i">11-h-580</subfield>
      <subfield code="g">0</subfield>
      <subfield code="o">05-H-556</subfield>
      <subfield code="e">Canje</subfield>
      <subfield code="8">PP</subfield>
    </datafield>
    <datafield tag="952" ind1=" " ind2=" ">
      <subfield code="a">BIB_RECT</subfield>
      <subfield code="b">BIB_RECT</subfield>
      <subfield code="d">2008-06-03</subfield>
      <subfield code="y">CR</subfield>
      <subfield code="p">15-h-577</subfield>
      <subfield code="i">15-h-577</subfield>
      <subfield code="g">0</subfield>
      <subfield code="o">05-H-556</subfield>
      <subfield code="e">Canje</subfield>
      <subfield code="8">PP</subfield>
    </datafield>
    <datafield tag="952" ind1=" " ind2=" ">
      <subfield code="a">BIB_RECT</subfield>
      <subfield code="b">SAT_PDES</subfield>
      <subfield code="d">2008-06-03</subfield>
      <subfield code="y">CR</subfield>
      <subfield code="p">16-h-583</subfield>
      <subfield code="i">16-h-583</subfield>
      <subfield code="g">0</subfield>
      <subfield code="o">05-H-556</subfield>
      <subfield code="e">Canje</subfield>
      <subfield code="8">PP</subfield>
    </datafield>
    <datafield tag="952" ind1=" " ind2=" ">
      <subfield code="a">BIB_RECT</subfield>
      <subfield code="b">BIB_RECT</subfield>
      <subfield code="d">2008-06-06</subfield>
      <subfield code="y">CR</subfield>
      <subfield code="p">17-h-587</subfield>
      <subfield code="i">17-h-587</subfield>
      <subfield code="g">0</subfield>
      <subfield code="o">05-H-556</subfield>
      <subfield code="e">Canje y donación SIUNPA</subfield>
      <subfield code="8">PP</subfield>
    </datafield>
    <datafield tag="952" ind1=" " ind2=" ">
      <subfield code="a">BIB_RECT</subfield>
      <subfield code="b">SAT_GREG</subfield>
      <subfield code="d">2008-05-12</subfield>
      <subfield code="y">CR</subfield>
      <subfield code="p">18-h-581</subfield>
      <subfield code="i">18-h-581</subfield>
      <subfield code="g">0</subfield>
      <subfield code="o">05-H-556</subfield>
      <subfield code="e">Canje</subfield>
      <subfield code="8">PP</subfield>
    </datafield>
  </record>