
  <record>
    <leader>01000aam  22002601a 4500</leader>
    <controlfield tag="001">YPZ87831</controlfield>
    <controlfield tag="003">YPZ</controlfield>
    <controlfield tag="005">200803141519130</controlfield>
    <controlfield tag="008">080314|###########||||||b||||||||||spa|d</controlfield>
    <datafield tag="022" ind1=" " ind2=" ">
      <subfield code="a">03740323</subfield>
    </datafield>
    <datafield tag="040" ind1=" " ind2=" ">
      <subfield code="c">SIUNPA</subfield>
    </datafield>
    <datafield tag="041" ind1=" " ind2=" ">
      <subfield code="a">spa</subfield>
    </datafield>
    <datafield tag="044" ind1=" " ind2=" ">
      <subfield code="a">AR</subfield>
    </datafield>
    <datafield tag="080" ind1=" " ind2=" ">
      <subfield code="a">04-H-565</subfield>
    </datafield>
    <datafield tag="240" ind1=" " ind2=" ">
      <subfield code="a">[Gæa]</subfield>
    </datafield>
    <datafield tag="245" ind1=" " ind2=" ">
      <subfield code="a">Gaea</subfield>
    </datafield>
    <datafield tag="260" ind1=" " ind2=" ">
      <subfield code="a">Buenos Aires</subfield>
      <subfield code="b"> : Sociedad Argentina de Estudios Geográficos, GAEA</subfield>
      <subfield code="c"> , [19--?]-</subfield>
    </datafield>
    <datafield tag="310" ind1=" " ind2=" ">
      <subfield code="a">Irregular</subfield>
    </datafield>
    <datafield tag="650" ind1=" " ind2=" ">
      <subfield code="a"> GEOGRAFIA</subfield>
    </datafield>
    <datafield tag="650" ind1=" " ind2=" ">
      <subfield code="a"> GEOGRAFIA REGIONAL</subfield>
    </datafield>
    <datafield tag="650" ind1=" " ind2=" ">
      <subfield code="a"> ARGENTINA</subfield>
    </datafield>
    <datafield tag="942" ind1=" " ind2=" ">
      <subfield code="c">CR</subfield>
    </datafield>
    <datafield tag="952" ind1=" " ind2=" ">
      <subfield code="a">BIB_RECT</subfield>
      <subfield code="b">BIB_UASJ</subfield>
      <subfield code="d">2008-03-06</subfield>
      <subfield code="y">CR</subfield>
      <subfield code="p">04-h-565</subfield>
      <subfield code="i">04-h-565</subfield>
      <subfield code="g">0</subfield>
      <subfield code="o">04-H-565</subfield>
      <subfield code="e"/>
      <subfield code="8">PP</subfield>
    </datafield>
    <datafield tag="952" ind1=" " ind2=" ">
      <subfield code="a">BIB_RECT</subfield>
      <subfield code="b">BIB_UARG</subfield>
      <subfield code="d">2007-06-04</subfield>
      <subfield code="y">CR</subfield>
      <subfield code="p">05-h-457</subfield>
      <subfield code="i">05-h-457</subfield>
      <subfield code="g">0</subfield>
      <subfield code="o">04-H-565</subfield>
      <subfield code="e"/>
      <subfield code="8">PP</subfield>
    </datafield>
  </record>