
  <record>
    <leader>01000aam  22002601a 4500</leader>
    <controlfield tag="001">YPZ88625</controlfield>
    <controlfield tag="003">YPZ</controlfield>
    <controlfield tag="005">200805151041570</controlfield>
    <controlfield tag="008">080515|###########||||||b||||||||||spa|d</controlfield>
    <datafield tag="040" ind1=" " ind2=" ">
      <subfield code="c">SIUNPA</subfield>
    </datafield>
    <datafield tag="041" ind1=" " ind2=" ">
      <subfield code="a">spa</subfield>
    </datafield>
    <datafield tag="044" ind1=" " ind2=" ">
      <subfield code="a">CL</subfield>
    </datafield>
    <datafield tag="080" ind1=" " ind2=" ">
      <subfield code="a">05-H-574</subfield>
    </datafield>
    <datafield tag="110" ind1=" " ind2=" ">
      <subfield code="a">Universidad de Magallanes. Centro de Estudios Regionales.</subfield>
    </datafield>
    <datafield tag="245" ind1=" " ind2=" ">
      <subfield code="a">Ciencia en el austro</subfield>
    </datafield>
    <datafield tag="260" ind1=" " ind2=" ">
      <subfield code="a">Punta Arenas</subfield>
      <subfield code="b"> : Ediciones de la Universidad de Magallanes</subfield>
      <subfield code="c"> , 2006-</subfield>
    </datafield>
    <datafield tag="310" ind1=" " ind2=" ">
      <subfield code="a">Semestral</subfield>
    </datafield>
    <datafield tag="650" ind1=" " ind2=" ">
      <subfield code="a"> CIENCIA</subfield>
    </datafield>
    <datafield tag="650" ind1=" " ind2=" ">
      <subfield code="a"> INVESTIGACION CIENTIFICA</subfield>
    </datafield>
    <datafield tag="650" ind1=" " ind2=" ">
      <subfield code="a"> CHILE</subfield>
    </datafield>
    <datafield tag="942" ind1=" " ind2=" ">
      <subfield code="c">CR</subfield>
    </datafield>
    <datafield tag="952" ind1=" " ind2=" ">
      <subfield code="a">BIB_RECT</subfield>
      <subfield code="b">BIB_UARG</subfield>
      <subfield code="d">2008-02-25</subfield>
      <subfield code="y">CR</subfield>
      <subfield code="p">05-h-574</subfield>
      <subfield code="i">05-h-574</subfield>
      <subfield code="g">0</subfield>
      <subfield code="o">05-H-574</subfield>
      <subfield code="e">UMAG</subfield>
      <subfield code="8">PP</subfield>
    </datafield>
  </record>