
  <record>
    <leader>01000aam  22002601a 4500</leader>
    <controlfield tag="001">YPZ90891</controlfield>
    <controlfield tag="003">YPZ</controlfield>
    <controlfield tag="005">200904031003190</controlfield>
    <controlfield tag="008">090403|###########||||||b||||||||||spa|d</controlfield>
    <datafield tag="040" ind1=" " ind2=" ">
      <subfield code="c">SIUNPA</subfield>
    </datafield>
    <datafield tag="041" ind1=" " ind2=" ">
      <subfield code="a">spa</subfield>
    </datafield>
    <datafield tag="044" ind1=" " ind2=" ">
      <subfield code="a">IR</subfield>
    </datafield>
    <datafield tag="080" ind1=" " ind2=" ">
      <subfield code="a">02-H-608</subfield>
    </datafield>
    <datafield tag="110" ind1=" " ind2=" ">
      <subfield code="a">Ministerio de Ciencias, Investigación y Tecnología de la República Islámica de Irán. Instituto de Estudios Políticos e Internacionales.</subfield>
    </datafield>
    <datafield tag="245" ind1=" " ind2=" ">
      <subfield code="a">La revista iraní de política exterior</subfield>
    </datafield>
    <datafield tag="260" ind1=" " ind2=" ">
      <subfield code="a">[Teherán]</subfield>
      <subfield code="b"> : Instituto de Estudios Políticos e Intenacionales (IEPI/IPIS)</subfield>
      <subfield code="b"> : Escuela de Relaciones Internacionales (ERI) de Irán</subfield>
      <subfield code="c"> , [2007]-</subfield>
    </datafield>
    <datafield tag="310" ind1=" " ind2=" ">
      <subfield code="a">Trimestral</subfield>
    </datafield>
    <datafield tag="650" ind1=" " ind2=" ">
      <subfield code="a"> POLITICA EXTERIOR</subfield>
    </datafield>
    <datafield tag="650" ind1=" " ind2=" ">
      <subfield code="a"> ECONOMIA INTERNACIONAL</subfield>
    </datafield>
    <datafield tag="650" ind1=" " ind2=" ">
      <subfield code="a"> IRAN</subfield>
    </datafield>
    <datafield tag="650" ind1=" " ind2=" ">
      <subfield code="a"> AMERICA LATINA</subfield>
    </datafield>
    <datafield tag="942" ind1=" " ind2=" ">
      <subfield code="c">CR</subfield>
    </datafield>
    <datafield tag="952" ind1=" " ind2=" ">
      <subfield code="a">BIB_RECT</subfield>
      <subfield code="b">BIB_UACO</subfield>
      <subfield code="d">2009-04-03</subfield>
      <subfield code="y">CR</subfield>
      <subfield code="p">02-h-607</subfield>
      <subfield code="i">02-h-607</subfield>
      <subfield code="g">0</subfield>
      <subfield code="o">02-H-608</subfield>
      <subfield code="e">Donación Ministerio Exterior-Irán</subfield>
      <subfield code="8">PP</subfield>
    </datafield>
  </record>