
  <record>
    <leader>01000aam  22002601a 4500</leader>
    <controlfield tag="001">YPZ91428</controlfield>
    <controlfield tag="003">YPZ</controlfield>
    <controlfield tag="005">200906301511210</controlfield>
    <controlfield tag="008">090630|###########||||||b||||||||||spa|d</controlfield>
    <datafield tag="022" ind1=" " ind2=" ">
      <subfield code="a">16651537</subfield>
    </datafield>
    <datafield tag="040" ind1=" " ind2=" ">
      <subfield code="c">SIUNPA</subfield>
    </datafield>
    <datafield tag="041" ind1=" " ind2=" ">
      <subfield code="a">spa</subfield>
    </datafield>
    <datafield tag="044" ind1=" " ind2=" ">
      <subfield code="a">MX</subfield>
    </datafield>
    <datafield tag="080" ind1=" " ind2=" ">
      <subfield code="a">05-H-622</subfield>
    </datafield>
    <datafield tag="245" ind1=" " ind2=" ">
      <subfield code="a">Veredas</subfield>
      <subfield code="b"> : revista de pensamiento sociológico</subfield>
      <subfield code="c"> / Universidad Autónoma Metropolitana Xochimilco</subfield>
    </datafield>
    <datafield tag="260" ind1=" " ind2=" ">
      <subfield code="a">México, D.F.</subfield>
      <subfield code="b"> : Universidad Autónoma Metropolitana Xochimilco, Departamento de Relaciones Sociales</subfield>
      <subfield code="c"> , 2000-</subfield>
    </datafield>
    <datafield tag="310" ind1=" " ind2=" ">
      <subfield code="a">Semestral</subfield>
    </datafield>
    <datafield tag="650" ind1=" " ind2=" ">
      <subfield code="a"> HISTORIA DE MEXICO</subfield>
    </datafield>
    <datafield tag="650" ind1=" " ind2=" ">
      <subfield code="a"> HISTORIA POLITICA</subfield>
    </datafield>
    <datafield tag="650" ind1=" " ind2=" ">
      <subfield code="a"> SOCIOLOGIA</subfield>
    </datafield>
    <datafield tag="942" ind1=" " ind2=" ">
      <subfield code="c">CR</subfield>
    </datafield>
    <datafield tag="952" ind1=" " ind2=" ">
      <subfield code="a">BIB_RECT</subfield>
      <subfield code="b">BIB_UARG</subfield>
      <subfield code="d">2012-09-18</subfield>
      <subfield code="y">CR</subfield>
      <subfield code="p">05-h-622</subfield>
      <subfield code="i">05-h-622</subfield>
      <subfield code="g">0</subfield>
      <subfield code="o">05-H-622</subfield>
      <subfield code="e">Donación México / UASJ</subfield>
      <subfield code="8">PP</subfield>
    </datafield>
  </record>