
  <record>
    <leader>01000aam  22002601a 4500</leader>
    <controlfield tag="001">YPZ91862</controlfield>
    <controlfield tag="003">YPZ</controlfield>
    <controlfield tag="005">200909181430460</controlfield>
    <controlfield tag="008">090918|###########||||||b||||||||||spa|d</controlfield>
    <datafield tag="022" ind1=" " ind2=" ">
      <subfield code="a">0046001X</subfield>
    </datafield>
    <datafield tag="040" ind1=" " ind2=" ">
      <subfield code="c">SIUNPA</subfield>
    </datafield>
    <datafield tag="041" ind1=" " ind2=" ">
      <subfield code="a">spa</subfield>
    </datafield>
    <datafield tag="044" ind1=" " ind2=" ">
      <subfield code="a">AR</subfield>
    </datafield>
    <datafield tag="080" ind1=" " ind2=" ">
      <subfield code="a">05-H-233</subfield>
    </datafield>
    <datafield tag="110" ind1=" " ind2=" ">
      <subfield code="a">Instituto de Desarrollo Económico y Social (Argentina).</subfield>
    </datafield>
    <datafield tag="245" ind1=" " ind2=" ">
      <subfield code="a">Desarrollo económico</subfield>
    </datafield>
    <datafield tag="260" ind1=" " ind2=" ">
      <subfield code="a">Buenos Aires</subfield>
      <subfield code="b"> : Instituto de Desarrollo Económico y Social</subfield>
      <subfield code="c"> , 1961-</subfield>
    </datafield>
    <datafield tag="310" ind1=" " ind2=" ">
      <subfield code="a">Trimestral</subfield>
    </datafield>
    <datafield tag="650" ind1=" " ind2=" ">
      <subfield code="a"> CIENCIAS SOCIALES</subfield>
    </datafield>
    <datafield tag="650" ind1=" " ind2=" ">
      <subfield code="a"> ECONOMIA</subfield>
    </datafield>
    <datafield tag="942" ind1=" " ind2=" ">
      <subfield code="c">CR</subfield>
    </datafield>
    <datafield tag="952" ind1=" " ind2=" ">
      <subfield code="a">BIB_RECT</subfield>
      <subfield code="b">BIB_UARG</subfield>
      <subfield code="d">2009-09-09</subfield>
      <subfield code="y">CR</subfield>
      <subfield code="p">05-h-233</subfield>
      <subfield code="i">05-h-233</subfield>
      <subfield code="g">0</subfield>
      <subfield code="o">05-H-233</subfield>
      <subfield code="e"/>
      <subfield code="8">PP</subfield>
    </datafield>
  </record>