
  <record>
    <leader>01000aam  22002601a 4500</leader>
    <controlfield tag="001">YPZ93305</controlfield>
    <controlfield tag="003">YPZ</controlfield>
    <controlfield tag="005">201008231500000</controlfield>
    <controlfield tag="008">100823|###########||||||b||||||||||spa|d</controlfield>
    <datafield tag="022" ind1=" " ind2=" ">
      <subfield code="a">03286169</subfield>
    </datafield>
    <datafield tag="040" ind1=" " ind2=" ">
      <subfield code="c">SIUNPA</subfield>
    </datafield>
    <datafield tag="041" ind1=" " ind2=" ">
      <subfield code="a">spa</subfield>
    </datafield>
    <datafield tag="044" ind1=" " ind2=" ">
      <subfield code="a">AR</subfield>
    </datafield>
    <datafield tag="080" ind1=" " ind2=" ">
      <subfield code="a">05-H-675</subfield>
    </datafield>
    <datafield tag="110" ind1=" " ind2=" ">
      <subfield code="a">Universidad Nacional del Comahue. Centro Interdisciplinario de Estudios de Género.</subfield>
    </datafield>
    <datafield tag="710" ind1=" " ind2=" ">
      <subfield code="a">Universidad Nacional de Luján. Área de Estudios Interdisciplinarios de la Mujer.</subfield>
    </datafield>
    <datafield tag="710" ind1=" " ind2=" ">
      <subfield code="a">Universidad Nacional de La Pampa. Instituto Interdisciplinario de Estudios de la Mujer.</subfield>
    </datafield>
    <datafield tag="245" ind1=" " ind2=" ">
      <subfield code="a">La aljaba</subfield>
      <subfield code="b"> : segunda época</subfield>
    </datafield>
    <datafield tag="260" ind1=" " ind2=" ">
      <subfield code="a">Neuquén</subfield>
      <subfield code="a">Luján</subfield>
      <subfield code="a">Santa Rosa</subfield>
      <subfield code="b"> : Centro Interdisciplinario de Estudios de Género, Universidad Nacional del Comahue</subfield>
      <subfield code="b"> : Área de Estudios Interdisciplinarios de la Mujer,  Universidad Nacional de Luján</subfield>
      <subfield code="b"> : Instituto Interdisciplinario de Estudios de la Mujer, Universidad Nacional de La Pampa</subfield>
      <subfield code="c"> , 1997-</subfield>
    </datafield>
    <datafield tag="310" ind1=" " ind2=" ">
      <subfield code="a">Anual</subfield>
    </datafield>
    <datafield tag="650" ind1=" " ind2=" ">
      <subfield code="a"> MUJERES</subfield>
    </datafield>
    <datafield tag="650" ind1=" " ind2=" ">
      <subfield code="a"> ESTUDIOS DE GENERO</subfield>
    </datafield>
    <datafield tag="942" ind1=" " ind2=" ">
      <subfield code="c">CR</subfield>
    </datafield>
    <datafield tag="952" ind1=" " ind2=" ">
      <subfield code="a">BIB_RECT</subfield>
      <subfield code="b">BIB_UACO</subfield>
      <subfield code="d">2011-10-03</subfield>
      <subfield code="y">CR</subfield>
      <subfield code="p">02-h-728</subfield>
      <subfield code="i">02-h-728</subfield>
      <subfield code="g">0</subfield>
      <subfield code="o">05-H-675</subfield>
      <subfield code="e">Revista de Estudios de la Mujer</subfield>
      <subfield code="8">PP</subfield>
    </datafield>
    <datafield tag="952" ind1=" " ind2=" ">
      <subfield code="a">BIB_RECT</subfield>
      <subfield code="b">BIB_UARG</subfield>
      <subfield code="d">2010-08-23</subfield>
      <subfield code="y">CR</subfield>
      <subfield code="p">05-h-675</subfield>
      <subfield code="i">05-h-675</subfield>
      <subfield code="g">0</subfield>
      <subfield code="o">05-H-675</subfield>
      <subfield code="e">Donación</subfield>
      <subfield code="8">PP</subfield>
    </datafield>
  </record>