
  <record>
    <leader>01000aam  22002601a 4500</leader>
    <controlfield tag="001">YPZ93741</controlfield>
    <controlfield tag="003">YPZ</controlfield>
    <controlfield tag="005">201102101508250</controlfield>
    <controlfield tag="008">110210|###########||||||b||||||||||spa|d</controlfield>
    <datafield tag="022" ind1=" " ind2=" ">
      <subfield code="a">18647782</subfield>
    </datafield>
    <datafield tag="022" ind1=" " ind2=" ">
      <subfield code="a">18647790 (online)</subfield>
    </datafield>
    <datafield tag="040" ind1=" " ind2=" ">
      <subfield code="c">SIUNPA</subfield>
    </datafield>
    <datafield tag="041" ind1=" " ind2=" ">
      <subfield code="a">eng</subfield>
    </datafield>
    <datafield tag="044" ind1=" " ind2=" ">
      <subfield code="a">DE</subfield>
    </datafield>
    <datafield tag="080" ind1=" " ind2=" ">
      <subfield code="a">05-H-687</subfield>
    </datafield>
    <datafield tag="245" ind1=" " ind2=" ">
      <subfield code="a">Aquatic biology</subfield>
    </datafield>
    <datafield tag="260" ind1=" " ind2=" ">
      <subfield code="a">Oldendorf/Luhe</subfield>
      <subfield code="b"> : Inter-Research</subfield>
      <subfield code="c"> , 2007-</subfield>
    </datafield>
    <datafield tag="310" ind1=" " ind2=" ">
      <subfield code="a">Mensual|3 vol. por año</subfield>
    </datafield>
    <datafield tag="650" ind1=" " ind2=" ">
      <subfield code="a"> BIOLOGIA</subfield>
    </datafield>
    <datafield tag="942" ind1=" " ind2=" ">
      <subfield code="c">CR</subfield>
    </datafield>
    <datafield tag="952" ind1=" " ind2=" ">
      <subfield code="a">BIB_RECT</subfield>
      <subfield code="b">BIB_UACO</subfield>
      <subfield code="d">2011-08-25</subfield>
      <subfield code="y">CR</subfield>
      <subfield code="p">02-h-721</subfield>
      <subfield code="i">02-h-721</subfield>
      <subfield code="g">0</subfield>
      <subfield code="o">05-H-687</subfield>
      <subfield code="e">Donación INIDEP</subfield>
      <subfield code="8">PP</subfield>
    </datafield>
    <datafield tag="952" ind1=" " ind2=" ">
      <subfield code="a">BIB_RECT</subfield>
      <subfield code="b">BIB_UARG</subfield>
      <subfield code="d">2011-02-10</subfield>
      <subfield code="y">CR</subfield>
      <subfield code="p">05-h-687</subfield>
      <subfield code="i">05-h-687</subfield>
      <subfield code="g">0</subfield>
      <subfield code="o">05-H-687</subfield>
      <subfield code="e">INIDEP/10</subfield>
      <subfield code="8">PP</subfield>
    </datafield>
  </record>