
  <record>
    <leader>01000aam  22002601a 4500</leader>
    <controlfield tag="001">YPZ93755</controlfield>
    <controlfield tag="003">YPZ</controlfield>
    <controlfield tag="005">201102141458390</controlfield>
    <controlfield tag="008">110214|###########||||||b||||||||||spa|d</controlfield>
    <datafield tag="040" ind1=" " ind2=" ">
      <subfield code="c">SIUNPA</subfield>
    </datafield>
    <datafield tag="041" ind1=" " ind2=" ">
      <subfield code="a">spa</subfield>
    </datafield>
    <datafield tag="044" ind1=" " ind2=" ">
      <subfield code="a">AR</subfield>
    </datafield>
    <datafield tag="080" ind1=" " ind2=" ">
      <subfield code="a">05-H-693</subfield>
    </datafield>
    <datafield tag="110" ind1=" " ind2=" ">
      <subfield code="a">Asociación Psicoanálisis de La Plata, org..</subfield>
    </datafield>
    <datafield tag="245" ind1=" " ind2=" ">
      <subfield code="a">Conceptual</subfield>
      <subfield code="b"> : estudios de psicoanálisis</subfield>
    </datafield>
    <datafield tag="260" ind1=" " ind2=" ">
      <subfield code="a">La Plata</subfield>
      <subfield code="b"> : Asociación Psicoanálisis de La Plata, APLP</subfield>
      <subfield code="c"> , 2001</subfield>
    </datafield>
    <datafield tag="310" ind1=" " ind2=" ">
      <subfield code="a">Anual</subfield>
    </datafield>
    <datafield tag="650" ind1=" " ind2=" ">
      <subfield code="a"> PSICOANALISIS</subfield>
    </datafield>
    <datafield tag="942" ind1=" " ind2=" ">
      <subfield code="c">CR</subfield>
    </datafield>
    <datafield tag="952" ind1=" " ind2=" ">
      <subfield code="a">BIB_RECT</subfield>
      <subfield code="b">BIB_UARG</subfield>
      <subfield code="d">2011-02-14</subfield>
      <subfield code="y">CR</subfield>
      <subfield code="p">05-h-693</subfield>
      <subfield code="i">05-h-693</subfield>
      <subfield code="g">0</subfield>
      <subfield code="o">05-H-693</subfield>
      <subfield code="e">Donación APLP</subfield>
      <subfield code="8">PP</subfield>
    </datafield>
  </record>