
  <record>
    <leader>01000aam  22002601a 4500</leader>
    <controlfield tag="001">YPZ93877</controlfield>
    <controlfield tag="003">YPZ</controlfield>
    <controlfield tag="005">201103291442120</controlfield>
    <controlfield tag="008">110329|###########||||||b||||||||||spa|d</controlfield>
    <datafield tag="040" ind1=" " ind2=" ">
      <subfield code="c">SIUNPA</subfield>
    </datafield>
    <datafield tag="041" ind1=" " ind2=" ">
      <subfield code="a">spa</subfield>
    </datafield>
    <datafield tag="044" ind1=" " ind2=" ">
      <subfield code="a">AR</subfield>
    </datafield>
    <datafield tag="080" ind1=" " ind2=" ">
      <subfield code="a">05-H-703</subfield>
    </datafield>
    <datafield tag="245" ind1=" " ind2=" ">
      <subfield code="a">Ciudad equis</subfield>
      <subfield code="b"> : revista de culturas</subfield>
      <subfield code="c"> / La Voz del Interior ; Centro Cultural España (Córdoba, Argentina)</subfield>
    </datafield>
    <datafield tag="260" ind1=" " ind2=" ">
      <subfield code="a">Córdoba</subfield>
      <subfield code="b"> : La Voz del Interior</subfield>
      <subfield code="b"> : Centro Cultural España (Córdoba, Argentina)</subfield>
      <subfield code="c"> , [2010-]</subfield>
    </datafield>
    <datafield tag="310" ind1=" " ind2=" ">
      <subfield code="a">Mensual</subfield>
    </datafield>
    <datafield tag="650" ind1=" " ind2=" ">
      <subfield code="a"> DESARROLLO CULTURAL</subfield>
    </datafield>
    <datafield tag="942" ind1=" " ind2=" ">
      <subfield code="c">CR</subfield>
    </datafield>
    <datafield tag="952" ind1=" " ind2=" ">
      <subfield code="a">BIB_RECT</subfield>
      <subfield code="b">BIB_UARG</subfield>
      <subfield code="d">2011-03-29</subfield>
      <subfield code="y">CR</subfield>
      <subfield code="p">05-h-703</subfield>
      <subfield code="i">05-h-703</subfield>
      <subfield code="g">0</subfield>
      <subfield code="o">05-H-703</subfield>
      <subfield code="e">Donación</subfield>
      <subfield code="8">CG</subfield>
    </datafield>
  </record>