
  <record>
    <leader>01000aam  22002601a 4500</leader>
    <controlfield tag="001">YPZ93898</controlfield>
    <controlfield tag="003">YPZ</controlfield>
    <controlfield tag="005">201104051810000</controlfield>
    <controlfield tag="008">110405|###########||||||b||||||||||spa|d</controlfield>
    <datafield tag="040" ind1=" " ind2=" ">
      <subfield code="c">SIUNPA</subfield>
    </datafield>
    <datafield tag="041" ind1=" " ind2=" ">
      <subfield code="a">por</subfield>
    </datafield>
    <datafield tag="044" ind1=" " ind2=" ">
      <subfield code="a">BR</subfield>
    </datafield>
    <datafield tag="080" ind1=" " ind2=" ">
      <subfield code="a">02-H-669</subfield>
    </datafield>
    <datafield tag="110" ind1=" " ind2=" ">
      <subfield code="a">Universidade de Ijuí.</subfield>
    </datafield>
    <datafield tag="245" ind1=" " ind2=" ">
      <subfield code="a">Cadernos latino-americanos</subfield>
    </datafield>
    <datafield tag="260" ind1=" " ind2=" ">
      <subfield code="a">Ijuí</subfield>
      <subfield code="b"> : Livraria UNIJUÍ</subfield>
      <subfield code="c"> , 1983-</subfield>
    </datafield>
    <datafield tag="310" ind1=" " ind2=" ">
      <subfield code="a">Desconocida</subfield>
    </datafield>
    <datafield tag="650" ind1=" " ind2=" ">
      <subfield code="a"> AMERICA LATINA</subfield>
    </datafield>
    <datafield tag="942" ind1=" " ind2=" ">
      <subfield code="c">CR</subfield>
    </datafield>
    <datafield tag="952" ind1=" " ind2=" ">
      <subfield code="a">BIB_RECT</subfield>
      <subfield code="b">BIB_UACO</subfield>
      <subfield code="d">2011-04-05</subfield>
      <subfield code="y">CR</subfield>
      <subfield code="p">02-h-669</subfield>
      <subfield code="i">02-h-669</subfield>
      <subfield code="g">0</subfield>
      <subfield code="o">02-H-669</subfield>
      <subfield code="e">Desconocido</subfield>
      <subfield code="8">PP</subfield>
    </datafield>
  </record>