
  <record>
    <leader>01000aam  22002601a 4500</leader>
    <controlfield tag="001">YPZ93920</controlfield>
    <controlfield tag="003">YPZ</controlfield>
    <controlfield tag="005">201104081712020</controlfield>
    <controlfield tag="008">110408|###########||||||b||||||||||spa|d</controlfield>
    <datafield tag="040" ind1=" " ind2=" ">
      <subfield code="c">SIUNPA</subfield>
    </datafield>
    <datafield tag="041" ind1=" " ind2=" ">
      <subfield code="a">spa</subfield>
    </datafield>
    <datafield tag="044" ind1=" " ind2=" ">
      <subfield code="a">AR</subfield>
    </datafield>
    <datafield tag="080" ind1=" " ind2=" ">
      <subfield code="a">05-H-706</subfield>
    </datafield>
    <datafield tag="245" ind1=" " ind2=" ">
      <subfield code="a">Current medical literature. Diabetes</subfield>
    </datafield>
    <datafield tag="260" ind1=" " ind2=" ">
      <subfield code="a">[Buenos Aires]</subfield>
      <subfield code="b"> : RL Servicios Integrales</subfield>
      <subfield code="c"> , 2001-</subfield>
    </datafield>
    <datafield tag="310" ind1=" " ind2=" ">
      <subfield code="a">Desconocido</subfield>
    </datafield>
    <datafield tag="650" ind1=" " ind2=" ">
      <subfield code="a"> DIABETES</subfield>
    </datafield>
    <datafield tag="942" ind1=" " ind2=" ">
      <subfield code="c">CR</subfield>
    </datafield>
    <datafield tag="952" ind1=" " ind2=" ">
      <subfield code="a">BIB_RECT</subfield>
      <subfield code="b">BIB_UARG</subfield>
      <subfield code="d">2011-04-08</subfield>
      <subfield code="y">CR</subfield>
      <subfield code="p">05-h-706</subfield>
      <subfield code="i">05-h-706</subfield>
      <subfield code="g">0</subfield>
      <subfield code="o">05-H-706</subfield>
      <subfield code="e">Donación Dr. Cucchirelli, Dino R.</subfield>
      <subfield code="8">PP</subfield>
    </datafield>
  </record>