
  <record>
    <leader>01000aam  22002601a 4500</leader>
    <controlfield tag="001">YPZ93944</controlfield>
    <controlfield tag="003">YPZ</controlfield>
    <controlfield tag="005">201104261354390</controlfield>
    <controlfield tag="008">110426|###########||||||b||||||||||spa|d</controlfield>
    <datafield tag="040" ind1=" " ind2=" ">
      <subfield code="c">SIUNPA</subfield>
    </datafield>
    <datafield tag="041" ind1=" " ind2=" ">
      <subfield code="a">spa</subfield>
    </datafield>
    <datafield tag="044" ind1=" " ind2=" ">
      <subfield code="a">AR</subfield>
    </datafield>
    <datafield tag="080" ind1=" " ind2=" ">
      <subfield code="a">05-H-708</subfield>
    </datafield>
    <datafield tag="110" ind1=" " ind2=" ">
      <subfield code="a">Instituto Nacional del Teatro (Argentina).</subfield>
    </datafield>
    <datafield tag="245" ind1=" " ind2=" ">
      <subfield code="a">Picadero</subfield>
    </datafield>
    <datafield tag="260" ind1=" " ind2=" ">
      <subfield code="a">Buenos Aires</subfield>
      <subfield code="b"> : Instituto Nacional del Teatro</subfield>
      <subfield code="c"> , 2001-</subfield>
    </datafield>
    <datafield tag="310" ind1=" " ind2=" ">
      <subfield code="a">Cuatrimestral|Semestral</subfield>
    </datafield>
    <datafield tag="650" ind1=" " ind2=" ">
      <subfield code="a"> LITERATURA ARGENTINA</subfield>
    </datafield>
    <datafield tag="650" ind1=" " ind2=" ">
      <subfield code="a"> TEATRO ARGENTINO</subfield>
    </datafield>
    <datafield tag="942" ind1=" " ind2=" ">
      <subfield code="c">CR</subfield>
    </datafield>
    <datafield tag="952" ind1=" " ind2=" ">
      <subfield code="a">BIB_RECT</subfield>
      <subfield code="b">BIB_UART</subfield>
      <subfield code="d">2011-04-26</subfield>
      <subfield code="y">CR</subfield>
      <subfield code="p">03-h-698</subfield>
      <subfield code="i">03-h-698</subfield>
      <subfield code="g">0</subfield>
      <subfield code="o">05-H-708</subfield>
      <subfield code="e">Donación INT</subfield>
      <subfield code="8">PP</subfield>
    </datafield>
    <datafield tag="952" ind1=" " ind2=" ">
      <subfield code="a">BIB_RECT</subfield>
      <subfield code="b">BIB_UARG</subfield>
      <subfield code="d">2011-04-26</subfield>
      <subfield code="y">CR</subfield>
      <subfield code="p">05-h-708</subfield>
      <subfield code="i">05-h-708</subfield>
      <subfield code="g">0</subfield>
      <subfield code="o">05-H-708</subfield>
      <subfield code="e">Donación</subfield>
      <subfield code="8">PP</subfield>
    </datafield>
    <datafield tag="952" ind1=" " ind2=" ">
      <subfield code="a">BIB_RECT</subfield>
      <subfield code="b">BIB_RECT</subfield>
      <subfield code="d">2013-04-26</subfield>
      <subfield code="y">CR</subfield>
      <subfield code="p">20-h-896</subfield>
      <subfield code="i">20-h-896</subfield>
      <subfield code="g">0</subfield>
      <subfield code="o">05-H-708</subfield>
      <subfield code="e">TEATRUNPA</subfield>
      <subfield code="8">PP</subfield>
    </datafield>
  </record>