
  <record>
    <leader>01000aam  22002601a 4500</leader>
    <controlfield tag="001">YPZ94305</controlfield>
    <controlfield tag="003">YPZ</controlfield>
    <controlfield tag="005">201108231608230</controlfield>
    <controlfield tag="008">110823|###########||||||b||||||||||spa|d</controlfield>
    <datafield tag="040" ind1=" " ind2=" ">
      <subfield code="c">SIUNPA</subfield>
    </datafield>
    <datafield tag="041" ind1=" " ind2=" ">
      <subfield code="a">spa</subfield>
    </datafield>
    <datafield tag="044" ind1=" " ind2=" ">
      <subfield code="a">AR</subfield>
    </datafield>
    <datafield tag="080" ind1=" " ind2=" ">
      <subfield code="a">02-H-722</subfield>
    </datafield>
    <datafield tag="245" ind1=" " ind2=" ">
      <subfield code="a"/>
    </datafield>
    <datafield tag="247" ind1=" " ind2=" ">
      <subfield code="a">Redes de la industria pesquera argentina.</subfield>
    </datafield>
    <datafield tag="260" ind1=" " ind2=" ">
      <subfield code="a">Buenos Aires</subfield>
      <subfield code="b"> : Segmentos</subfield>
      <subfield code="c"> , [2008?]-</subfield>
    </datafield>
    <datafield tag="310" ind1=" " ind2=" ">
      <subfield code="a">Bimestral</subfield>
    </datafield>
    <datafield tag="500" ind1=" " ind2=" ">
      <subfield code="a">Cont. de: Redes de la industria pesquera argentina</subfield>
    </datafield>
    <datafield tag="650" ind1=" " ind2=" ">
      <subfield code="a"> RECURSOS MARINOS</subfield>
    </datafield>
    <datafield tag="650" ind1=" " ind2=" ">
      <subfield code="a"> PESCA MARINA</subfield>
    </datafield>
    <datafield tag="650" ind1=" " ind2=" ">
      <subfield code="a"> ARGENTINA</subfield>
    </datafield>
    <datafield tag="942" ind1=" " ind2=" ">
      <subfield code="c">CR</subfield>
    </datafield>
    <datafield tag="952" ind1=" " ind2=" ">
      <subfield code="a">BIB_RECT</subfield>
      <subfield code="b">BIB_UACO</subfield>
      <subfield code="d">2011-08-23</subfield>
      <subfield code="y">CR</subfield>
      <subfield code="p">02-h-722</subfield>
      <subfield code="i">02-h-722</subfield>
      <subfield code="g">0</subfield>
      <subfield code="o">02-H-722</subfield>
      <subfield code="e">Donación INIDEP</subfield>
      <subfield code="8">PP</subfield>
    </datafield>
    <datafield tag="952" ind1=" " ind2=" ">
      <subfield code="a">BIB_RECT</subfield>
      <subfield code="b">BIB_UARG</subfield>
      <subfield code="d">2012-02-28</subfield>
      <subfield code="y">CR</subfield>
      <subfield code="p">05-h-714</subfield>
      <subfield code="i">05-h-714</subfield>
      <subfield code="g">0</subfield>
      <subfield code="o">02-H-722</subfield>
      <subfield code="e">Canje y donación SIUNPA</subfield>
      <subfield code="8">PP</subfield>
    </datafield>
    <datafield tag="952" ind1=" " ind2=" ">
      <subfield code="a">BIB_RECT</subfield>
      <subfield code="b">SAT_TRUN</subfield>
      <subfield code="d">2011-08-23</subfield>
      <subfield code="y">CR</subfield>
      <subfield code="p">10-h-723</subfield>
      <subfield code="i">10-h-723</subfield>
      <subfield code="g">0</subfield>
      <subfield code="o">02-H-722</subfield>
      <subfield code="e">Donación INIDEP</subfield>
      <subfield code="8">PP</subfield>
    </datafield>
    <datafield tag="952" ind1=" " ind2=" ">
      <subfield code="a">BIB_RECT</subfield>
      <subfield code="b">SAT_PDES</subfield>
      <subfield code="d">2011-08-23</subfield>
      <subfield code="y">CR</subfield>
      <subfield code="p">16-h-724</subfield>
      <subfield code="i">16-h-724</subfield>
      <subfield code="g">0</subfield>
      <subfield code="o">02-H-722</subfield>
      <subfield code="e">Donación INIDEP</subfield>
      <subfield code="8">PP</subfield>
    </datafield>
  </record>