
  <record>
    <leader>01000aam  22002601a 4500</leader>
    <controlfield tag="001">YPZ94629</controlfield>
    <controlfield tag="003">YPZ</controlfield>
    <controlfield tag="005">201111291357170</controlfield>
    <controlfield tag="008">111129|###########||||||b||||||||||spa|d</controlfield>
    <datafield tag="022" ind1=" " ind2=" ">
      <subfield code="a">1666812X</subfield>
    </datafield>
    <datafield tag="040" ind1=" " ind2=" ">
      <subfield code="c">SIUNPA</subfield>
    </datafield>
    <datafield tag="041" ind1=" " ind2=" ">
      <subfield code="a">spa</subfield>
    </datafield>
    <datafield tag="044" ind1=" " ind2=" ">
      <subfield code="a">AR</subfield>
    </datafield>
    <datafield tag="080" ind1=" " ind2=" ">
      <subfield code="a">02-H-736</subfield>
    </datafield>
    <datafield tag="110" ind1=" " ind2=" ">
      <subfield code="a">Universidad de Ciencias Empresariales y Sociales (Argentina). Instituto de Altos Estudios en Psicología y Ciencias Sociales. Carrera de Especialización en Psicoanálisis.</subfield>
    </datafield>
    <datafield tag="710" ind1=" " ind2=" ">
      <subfield code="a">Asociación de Psicólogos de Buenos Aires.</subfield>
    </datafield>
    <datafield tag="245" ind1=" " ind2=" ">
      <subfield code="a">Cuestiones de infancia</subfield>
    </datafield>
    <datafield tag="260" ind1=" " ind2=" ">
      <subfield code="a">Buenos Aires</subfield>
      <subfield code="b"> : Carrera de Especialización en Psicoanálisis</subfield>
      <subfield code="b"> : </subfield>
      <subfield code="b"> : Asociación de Psicólogos de Buenos Aires</subfield>
      <subfield code="c"> , 1996-</subfield>
    </datafield>
    <datafield tag="650" ind1=" " ind2=" ">
      <subfield code="a"> PSICOLOGIA INFANTIL</subfield>
    </datafield>
    <datafield tag="942" ind1=" " ind2=" ">
      <subfield code="c">CR</subfield>
    </datafield>
    <datafield tag="952" ind1=" " ind2=" ">
      <subfield code="a">BIB_RECT</subfield>
      <subfield code="b">BIB_UACO</subfield>
      <subfield code="d">2011-11-29</subfield>
      <subfield code="y">CR</subfield>
      <subfield code="p">02-h-736</subfield>
      <subfield code="i">02-h-736</subfield>
      <subfield code="g">0</subfield>
      <subfield code="o">02-H-736</subfield>
      <subfield code="e">Donación Escuela Especial Laboral Nº 1</subfield>
      <subfield code="8">PP</subfield>
    </datafield>
  </record>