
  <record>
    <leader>01000aam  22002601a 4500</leader>
    <controlfield tag="001">YPZ94982</controlfield>
    <controlfield tag="003">YPZ</controlfield>
    <controlfield tag="005">201204101816080</controlfield>
    <controlfield tag="008">120410|###########||||||b||||||||||spa|d</controlfield>
    <datafield tag="022" ind1=" " ind2=" ">
      <subfield code="a">03278050</subfield>
    </datafield>
    <datafield tag="040" ind1=" " ind2=" ">
      <subfield code="c">SIUNPA</subfield>
    </datafield>
    <datafield tag="041" ind1=" " ind2=" ">
      <subfield code="a">spa</subfield>
    </datafield>
    <datafield tag="044" ind1=" " ind2=" ">
      <subfield code="a">AR</subfield>
    </datafield>
    <datafield tag="080" ind1=" " ind2=" ">
      <subfield code="a">02-H-758</subfield>
    </datafield>
    <datafield tag="110" ind1=" " ind2=" ">
      <subfield code="a">Universidad Nacional de la Patagonia San Juan Bosco. Facultad de Ciencias Naturales.</subfield>
    </datafield>
    <datafield tag="245" ind1=" " ind2=" ">
      <subfield code="a">Naturalia patagónica. Serie Ciencias biológicas</subfield>
    </datafield>
    <datafield tag="260" ind1=" " ind2=" ">
      <subfield code="a">Comodoro Rivadavia</subfield>
      <subfield code="b"> : Facultad de Ciencias Naturales, Universidad Nacional de la Patagonia San Juan Bosco</subfield>
      <subfield code="c"> , 1993-</subfield>
    </datafield>
    <datafield tag="310" ind1=" " ind2=" ">
      <subfield code="a">Semestral</subfield>
    </datafield>
    <datafield tag="650" ind1=" " ind2=" ">
      <subfield code="a"> BIOLOGIA</subfield>
    </datafield>
    <datafield tag="650" ind1=" " ind2=" ">
      <subfield code="a"> REGION PATAGONICA</subfield>
    </datafield>
    <datafield tag="942" ind1=" " ind2=" ">
      <subfield code="c">CR</subfield>
    </datafield>
    <datafield tag="952" ind1=" " ind2=" ">
      <subfield code="a">BIB_RECT</subfield>
      <subfield code="b">BIB_UACO</subfield>
      <subfield code="d">2012-04-10</subfield>
      <subfield code="y">CR</subfield>
      <subfield code="p">02-h-758</subfield>
      <subfield code="i">02-h-758</subfield>
      <subfield code="g">0</subfield>
      <subfield code="o">02-H-758</subfield>
      <subfield code="e">Universidad Nacional de la Patagonia San</subfield>
      <subfield code="8">PP</subfield>
    </datafield>
  </record>