
  <record>
    <leader>01000aam  22002601a 4500</leader>
    <controlfield tag="001">YPZ94983</controlfield>
    <controlfield tag="003">YPZ</controlfield>
    <controlfield tag="005">201204101857500</controlfield>
    <controlfield tag="008">120410|###########||||||b||||||||||spa|d</controlfield>
    <datafield tag="022" ind1=" " ind2=" ">
      <subfield code="a">07407459</subfield>
    </datafield>
    <datafield tag="040" ind1=" " ind2=" ">
      <subfield code="c">SIUNPA</subfield>
    </datafield>
    <datafield tag="041" ind1=" " ind2=" ">
      <subfield code="a">eng</subfield>
    </datafield>
    <datafield tag="044" ind1=" " ind2=" ">
      <subfield code="a">US</subfield>
    </datafield>
    <datafield tag="080" ind1=" " ind2=" ">
      <subfield code="a">02-H-751</subfield>
    </datafield>
    <datafield tag="110" ind1=" " ind2=" ">
      <subfield code="a">Institute of Electrical and Electronics Engineers, IEEE. Computer Society (Estados Unidos).</subfield>
    </datafield>
    <datafield tag="245" ind1=" " ind2=" ">
      <subfield code="a">IEEE software</subfield>
    </datafield>
    <datafield tag="260" ind1=" " ind2=" ">
      <subfield code="a">Los Alamitos, Calif.</subfield>
      <subfield code="b"> : IEEE Computer Society</subfield>
      <subfield code="c"> , c1984-</subfield>
    </datafield>
    <datafield tag="310" ind1=" " ind2=" ">
      <subfield code="a">Bimestral</subfield>
    </datafield>
    <datafield tag="650" ind1=" " ind2=" ">
      <subfield code="a"> SOFTWARE</subfield>
    </datafield>
    <datafield tag="942" ind1=" " ind2=" ">
      <subfield code="c">CR</subfield>
    </datafield>
    <datafield tag="952" ind1=" " ind2=" ">
      <subfield code="a">BIB_RECT</subfield>
      <subfield code="b">BIB_UACO</subfield>
      <subfield code="d">2012-04-10</subfield>
      <subfield code="y">CR</subfield>
      <subfield code="p">02-h-751</subfield>
      <subfield code="i">02-h-751</subfield>
      <subfield code="g">0</subfield>
      <subfield code="o">02-H-751</subfield>
      <subfield code="e">Desconocido</subfield>
      <subfield code="8">PP</subfield>
    </datafield>
  </record>