
  <record>
    <leader>01000aam  22002601a 4500</leader>
    <controlfield tag="001">YPZ95010</controlfield>
    <controlfield tag="003">YPZ</controlfield>
    <controlfield tag="005">201204131834270</controlfield>
    <controlfield tag="008">120413|###########||||||b||||||||||spa|d</controlfield>
    <datafield tag="022" ind1=" " ind2=" ">
      <subfield code="a">00178012</subfield>
    </datafield>
    <datafield tag="040" ind1=" " ind2=" ">
      <subfield code="c">SIUNPA</subfield>
    </datafield>
    <datafield tag="041" ind1=" " ind2=" ">
      <subfield code="a">eng</subfield>
    </datafield>
    <datafield tag="044" ind1=" " ind2=" ">
      <subfield code="a">US</subfield>
    </datafield>
    <datafield tag="080" ind1=" " ind2=" ">
      <subfield code="a">02-H-770</subfield>
    </datafield>
    <datafield tag="110" ind1=" " ind2=" ">
      <subfield code="a">Harvard University. Graduate School of Business.</subfield>
    </datafield>
    <datafield tag="245" ind1=" " ind2=" ">
      <subfield code="a">Harvard business review</subfield>
    </datafield>
    <datafield tag="260" ind1=" " ind2=" ">
      <subfield code="a">Boston, Mass.</subfield>
      <subfield code="b"> : Harvard Business School Publishing</subfield>
      <subfield code="c"> , 1922-</subfield>
    </datafield>
    <datafield tag="310" ind1=" " ind2=" ">
      <subfield code="a">Mensual</subfield>
    </datafield>
    <datafield tag="500" ind1=" " ind2=" ">
      <subfield code="a">Periodicidad varía: Trimestral, 1922-47; Bimensual, 1948-2000 </subfield>
    </datafield>
    <datafield tag="500" ind1=" " ind2=" ">
      <subfield code="a">Sitio web complementario: www.hbsp.harvard.edu</subfield>
    </datafield>
    <datafield tag="650" ind1=" " ind2=" ">
      <subfield code="a"> ECONOMIA</subfield>
    </datafield>
    <datafield tag="942" ind1=" " ind2=" ">
      <subfield code="c">CR</subfield>
    </datafield>
    <datafield tag="952" ind1=" " ind2=" ">
      <subfield code="a">BIB_RECT</subfield>
      <subfield code="b">BIB_UACO</subfield>
      <subfield code="d">2012-04-13</subfield>
      <subfield code="y">CR</subfield>
      <subfield code="p">02-h-770</subfield>
      <subfield code="i">02-h-770</subfield>
      <subfield code="g">0</subfield>
      <subfield code="o">02-H-770</subfield>
      <subfield code="e">SIUNPA</subfield>
      <subfield code="8">PP</subfield>
    </datafield>
    <datafield tag="952" ind1=" " ind2=" ">
      <subfield code="a">BIB_RECT</subfield>
      <subfield code="b">BIB_UARG</subfield>
      <subfield code="d">2012-04-13</subfield>
      <subfield code="y">CR</subfield>
      <subfield code="p">05-h-387</subfield>
      <subfield code="i">05-h-387</subfield>
      <subfield code="g">0</subfield>
      <subfield code="o">02-H-770</subfield>
      <subfield code="e">MIgración UARG</subfield>
      <subfield code="8">PP</subfield>
    </datafield>
  </record>