
  <record>
    <leader>01000aam  22002601a 4500</leader>
    <controlfield tag="001">YPZ95018</controlfield>
    <controlfield tag="003">YPZ</controlfield>
    <controlfield tag="005">201204161525370</controlfield>
    <controlfield tag="008">120416|###########||||||b||||||||||spa|d</controlfield>
    <datafield tag="022" ind1=" " ind2=" ">
      <subfield code="a">00135984</subfield>
    </datafield>
    <datafield tag="040" ind1=" " ind2=" ">
      <subfield code="c">SIUNPA</subfield>
    </datafield>
    <datafield tag="041" ind1=" " ind2=" ">
      <subfield code="a">eng</subfield>
    </datafield>
    <datafield tag="044" ind1=" " ind2=" ">
      <subfield code="a">US</subfield>
    </datafield>
    <datafield tag="080" ind1=" " ind2=" ">
      <subfield code="a">02-H-767</subfield>
    </datafield>
    <datafield tag="110" ind1=" " ind2=" ">
      <subfield code="a">University of Chicago (Estados Unidos).</subfield>
    </datafield>
    <datafield tag="245" ind1=" " ind2=" ">
      <subfield code="a">The elementary school journal</subfield>
    </datafield>
    <datafield tag="260" ind1=" " ind2=" ">
      <subfield code="a">Chicago, Ill.</subfield>
      <subfield code="b"> : University of Chicago Press</subfield>
      <subfield code="c"> , 1900-</subfield>
    </datafield>
    <datafield tag="310" ind1=" " ind2=" ">
      <subfield code="a">5 nos. por año</subfield>
    </datafield>
    <datafield tag="500" ind1=" " ind2=" ">
      <subfield code="a">Continuación de: Elementary school teacher (ISSN 1545-5858)</subfield>
    </datafield>
    <datafield tag="650" ind1=" " ind2=" ">
      <subfield code="a"> ENSEÑANZA PRIMARIA</subfield>
    </datafield>
    <datafield tag="942" ind1=" " ind2=" ">
      <subfield code="c">CR</subfield>
    </datafield>
    <datafield tag="952" ind1=" " ind2=" ">
      <subfield code="a">BIB_RECT</subfield>
      <subfield code="b">BIB_UACO</subfield>
      <subfield code="d">2012-04-13</subfield>
      <subfield code="y">CR</subfield>
      <subfield code="p">02-h-767</subfield>
      <subfield code="i">02-h-767</subfield>
      <subfield code="g">0</subfield>
      <subfield code="o">02-H-767</subfield>
      <subfield code="e">SIUNPA</subfield>
      <subfield code="8">PP</subfield>
    </datafield>
  </record>