
  <record>
    <leader>01000aam  22002601a 4500</leader>
    <controlfield tag="001">YPZ96059</controlfield>
    <controlfield tag="003">YPZ</controlfield>
    <controlfield tag="005">201209181047060</controlfield>
    <controlfield tag="008">120918|###########||||||b||||||||||spa|d</controlfield>
    <datafield tag="022" ind1=" " ind2=" ">
      <subfield code="a">09358153</subfield>
    </datafield>
    <datafield tag="040" ind1=" " ind2=" ">
      <subfield code="c">SIUNPA</subfield>
    </datafield>
    <datafield tag="041" ind1=" " ind2=" ">
      <subfield code="a">spa</subfield>
    </datafield>
    <datafield tag="044" ind1=" " ind2=" ">
      <subfield code="a">DE</subfield>
    </datafield>
    <datafield tag="080" ind1=" " ind2=" ">
      <subfield code="a">05-H-789</subfield>
    </datafield>
    <datafield tag="245" ind1=" " ind2=" ">
      <subfield code="a">Educación de adultos y desarrollo</subfield>
      <subfield code="c"> / Asociación Alemana para Educación de Adultos, DVV. Instituto de Cooperación Internacional, IIZ</subfield>
    </datafield>
    <datafield tag="260" ind1=" " ind2=" ">
      <subfield code="a">Bonn</subfield>
      <subfield code="b"> : Instituto de Cooperación Internacional, IIZ</subfield>
      <subfield code="c"> , 1973-</subfield>
    </datafield>
    <datafield tag="310" ind1=" " ind2=" ">
      <subfield code="a">Semestral</subfield>
    </datafield>
    <datafield tag="650" ind1=" " ind2=" ">
      <subfield code="a"> EDUCACION DE ADULTOS</subfield>
    </datafield>
    <datafield tag="942" ind1=" " ind2=" ">
      <subfield code="c">CR</subfield>
    </datafield>
    <datafield tag="952" ind1=" " ind2=" ">
      <subfield code="a">BIB_RECT</subfield>
      <subfield code="b">BIB_UASJ</subfield>
      <subfield code="d">2014-06-09</subfield>
      <subfield code="y">CR</subfield>
      <subfield code="p">04-h-1003</subfield>
      <subfield code="i">04-h-1003</subfield>
      <subfield code="g">0</subfield>
      <subfield code="o">05-H-789</subfield>
      <subfield code="e">UASJ</subfield>
      <subfield code="8">PP</subfield>
    </datafield>
    <datafield tag="952" ind1=" " ind2=" ">
      <subfield code="a">BIB_RECT</subfield>
      <subfield code="b">BIB_UARG</subfield>
      <subfield code="d">2012-09-18</subfield>
      <subfield code="y">CR</subfield>
      <subfield code="p">05-h-789</subfield>
      <subfield code="i">05-h-789</subfield>
      <subfield code="g">0</subfield>
      <subfield code="o">05-H-789</subfield>
      <subfield code="e">Donación UASJ</subfield>
      <subfield code="8">PP</subfield>
    </datafield>
  </record>