
  <record>
    <leader>01000aam  22002601a 4500</leader>
    <controlfield tag="001">YPZ97484</controlfield>
    <controlfield tag="003">YPZ</controlfield>
    <controlfield tag="005">201304241553550</controlfield>
    <controlfield tag="008">130424|###########||||||b||||||||||spa|d</controlfield>
    <datafield tag="022" ind1=" " ind2=" ">
      <subfield code="a">23139064</subfield>
    </datafield>
    <datafield tag="040" ind1=" " ind2=" ">
      <subfield code="c">SIUNPA</subfield>
    </datafield>
    <datafield tag="041" ind1=" " ind2=" ">
      <subfield code="a">spa</subfield>
    </datafield>
    <datafield tag="044" ind1=" " ind2=" ">
      <subfield code="a">AR</subfield>
    </datafield>
    <datafield tag="080" ind1=" " ind2=" ">
      <subfield code="a">02-H-888</subfield>
    </datafield>
    <datafield tag="110" ind1=" " ind2=" ">
      <subfield code="a">Universidad Nacional de la Patagonia Austral.</subfield>
    </datafield>
    <datafield tag="245" ind1=" " ind2=" ">
      <subfield code="a">ICT - UNPA</subfield>
      <subfield code="b"> : Informes científico-técnicos</subfield>
    </datafield>
    <datafield tag="260" ind1=" " ind2=" ">
      <subfield code="a">Río Gallegos</subfield>
      <subfield code="b"> : Universidad Nacional de la Patagonia Austral, UNPAedita</subfield>
      <subfield code="c"> , 2012-</subfield>
    </datafield>
    <datafield tag="310" ind1=" " ind2=" ">
      <subfield code="a">Anual</subfield>
    </datafield>
    <datafield tag="500" ind1=" " ind2=" ">
      <subfield code="a">Subtít.: informática y sistemas</subfield>
    </datafield>
    <datafield tag="500" ind1=" " ind2=" ">
      <subfield code="a">Edición en línea: http://ict.unpa.edu.ar (ISSN: 1852-4816)</subfield>
    </datafield>
    <datafield tag="650" ind1=" " ind2=" ">
      <subfield code="a"> CIENCIAS SOCIALES</subfield>
    </datafield>
    <datafield tag="942" ind1=" " ind2=" ">
      <subfield code="c">CR</subfield>
    </datafield>
    <datafield tag="952" ind1=" " ind2=" ">
      <subfield code="a">BIB_RECT</subfield>
      <subfield code="b">BIB_UACO</subfield>
      <subfield code="d">2013-04-24</subfield>
      <subfield code="y">CR</subfield>
      <subfield code="p">02-h-888</subfield>
      <subfield code="i">02-h-888</subfield>
      <subfield code="g">0</subfield>
      <subfield code="o">02-H-888</subfield>
      <subfield code="e">Don. Sec. de Ext. Universitaria</subfield>
      <subfield code="8">PP</subfield>
    </datafield>
    <datafield tag="952" ind1=" " ind2=" ">
      <subfield code="a">BIB_RECT</subfield>
      <subfield code="b">BIB_UART</subfield>
      <subfield code="d">2013-04-24</subfield>
      <subfield code="y">CR</subfield>
      <subfield code="p">03-h-886</subfield>
      <subfield code="i">03-h-886</subfield>
      <subfield code="g">0</subfield>
      <subfield code="o">02-H-888</subfield>
      <subfield code="e">Don. Sec. de Ext. Universitaria</subfield>
      <subfield code="8">PP</subfield>
    </datafield>
    <datafield tag="952" ind1=" " ind2=" ">
      <subfield code="a">BIB_RECT</subfield>
      <subfield code="b">BIB_UASJ</subfield>
      <subfield code="d">2013-04-24</subfield>
      <subfield code="y">CR</subfield>
      <subfield code="p">04-h-885</subfield>
      <subfield code="i">04-h-885</subfield>
      <subfield code="g">0</subfield>
      <subfield code="o">02-H-888</subfield>
      <subfield code="e">Don. Sec. de Ext. Universitaria</subfield>
      <subfield code="8">PP</subfield>
    </datafield>
    <datafield tag="952" ind1=" " ind2=" ">
      <subfield code="a">BIB_RECT</subfield>
      <subfield code="b">BIB_UARG</subfield>
      <subfield code="d">2013-04-24</subfield>
      <subfield code="y">CR</subfield>
      <subfield code="p">05-h-887</subfield>
      <subfield code="i">05-h-887</subfield>
      <subfield code="g">0</subfield>
      <subfield code="o">02-H-888</subfield>
      <subfield code="e">Don. Sec. de Ext. Universitaria</subfield>
      <subfield code="8">PP</subfield>
    </datafield>
    <datafield tag="952" ind1=" " ind2=" ">
      <subfield code="a">BIB_RECT</subfield>
      <subfield code="b">SAT_TRUN</subfield>
      <subfield code="d">2013-04-25</subfield>
      <subfield code="y">CR</subfield>
      <subfield code="p">10-h-894</subfield>
      <subfield code="i">10-h-894</subfield>
      <subfield code="g">0</subfield>
      <subfield code="o">02-H-888</subfield>
      <subfield code="e">Don. Sec. de Ext. Universitaria</subfield>
      <subfield code="8">PP</subfield>
    </datafield>
    <datafield tag="952" ind1=" " ind2=" ">
      <subfield code="a">BIB_RECT</subfield>
      <subfield code="b">SAT_PBNA</subfield>
      <subfield code="d">2013-04-25</subfield>
      <subfield code="y">CR</subfield>
      <subfield code="p">11-h-892</subfield>
      <subfield code="i">11-h-892</subfield>
      <subfield code="g">0</subfield>
      <subfield code="o">02-H-888</subfield>
      <subfield code="e">Don. Sec. de Ext. Universitaria</subfield>
      <subfield code="8">PP</subfield>
    </datafield>
    <datafield tag="952" ind1=" " ind2=" ">
      <subfield code="a">BIB_RECT</subfield>
      <subfield code="b">BIB_RECT</subfield>
      <subfield code="d">2013-04-25</subfield>
      <subfield code="y">CR</subfield>
      <subfield code="p">12-h-895</subfield>
      <subfield code="i">12-h-895</subfield>
      <subfield code="g">0</subfield>
      <subfield code="o">02-H-888</subfield>
      <subfield code="e">Don. Sec. de Ext. Universitaria</subfield>
      <subfield code="8">PP</subfield>
    </datafield>
    <datafield tag="952" ind1=" " ind2=" ">
      <subfield code="a">BIB_RECT</subfield>
      <subfield code="b">BIB_RECT</subfield>
      <subfield code="d">2013-04-25</subfield>
      <subfield code="y">CR</subfield>
      <subfield code="p">15-h-893</subfield>
      <subfield code="i">15-h-893</subfield>
      <subfield code="g">0</subfield>
      <subfield code="o">02-H-888</subfield>
      <subfield code="e">Don. Sec. de Ext. Universitaria</subfield>
      <subfield code="8">PP</subfield>
    </datafield>
    <datafield tag="952" ind1=" " ind2=" ">
      <subfield code="a">BIB_RECT</subfield>
      <subfield code="b">SAT_PDES</subfield>
      <subfield code="d">2013-04-25</subfield>
      <subfield code="y">CR</subfield>
      <subfield code="p">16-h-889</subfield>
      <subfield code="i">16-h-889</subfield>
      <subfield code="g">0</subfield>
      <subfield code="o">02-H-888</subfield>
      <subfield code="e">Don. Sec. de Ext. Universitaria</subfield>
      <subfield code="8">PP</subfield>
    </datafield>
    <datafield tag="952" ind1=" " ind2=" ">
      <subfield code="a">BIB_RECT</subfield>
      <subfield code="b">BIB_RECT</subfield>
      <subfield code="d">2013-04-25</subfield>
      <subfield code="y">CR</subfield>
      <subfield code="p">17-h-890</subfield>
      <subfield code="i">17-h-890</subfield>
      <subfield code="g">0</subfield>
      <subfield code="o">02-H-888</subfield>
      <subfield code="e">Don. Sec. de Ext. Universitaria</subfield>
      <subfield code="8">PP</subfield>
    </datafield>
    <datafield tag="952" ind1=" " ind2=" ">
      <subfield code="a">BIB_RECT</subfield>
      <subfield code="b">SAT_GREG</subfield>
      <subfield code="d">2013-04-25</subfield>
      <subfield code="y">CR</subfield>
      <subfield code="p">18-h-891</subfield>
      <subfield code="i">18-h-891</subfield>
      <subfield code="g">0</subfield>
      <subfield code="o">02-H-888</subfield>
      <subfield code="e">Don. Sec. de Ext. Universitaria</subfield>
      <subfield code="8">PP</subfield>
    </datafield>
    <datafield tag="952" ind1=" " ind2=" ">
      <subfield code="a">BIB_RECT</subfield>
      <subfield code="b">BIB_RECT</subfield>
      <subfield code="d">2013-05-25</subfield>
      <subfield code="y">CR</subfield>
      <subfield code="p">19-h-911</subfield>
      <subfield code="i">19-h-911</subfield>
      <subfield code="g">0</subfield>
      <subfield code="o">02-H-888</subfield>
      <subfield code="e">Don. Sec. de Ext. Universitaria</subfield>
      <subfield code="8">PP</subfield>
    </datafield>
  </record>