
  <record>
    <leader>01000aam  22002601a 4500</leader>
    <controlfield tag="001">YPZ97540</controlfield>
    <controlfield tag="003">YPZ</controlfield>
    <controlfield tag="005">201305101016020</controlfield>
    <controlfield tag="008">130510|###########||||||b||||||||||spa|d</controlfield>
    <datafield tag="022" ind1=" " ind2=" ">
      <subfield code="a">18523110</subfield>
    </datafield>
    <datafield tag="040" ind1=" " ind2=" ">
      <subfield code="c">SIUNPA</subfield>
    </datafield>
    <datafield tag="041" ind1=" " ind2=" ">
      <subfield code="a">spa</subfield>
    </datafield>
    <datafield tag="044" ind1=" " ind2=" ">
      <subfield code="a">AR</subfield>
    </datafield>
    <datafield tag="080" ind1=" " ind2=" ">
      <subfield code="a">02-H-915</subfield>
    </datafield>
    <datafield tag="245" ind1=" " ind2=" ">
      <subfield code="a">Bet, Boletín estadístico tecnológico</subfield>
      <subfield code="c"> / Argentina. Ministerio de Ciencia, Tecnología e Innovación. Subsecretaría de Estudios y Prospectiva. Dirección Nacional de Información Científica ; Argentina. Ministerio de Ciencia, Tecnología e Innovación. Subsecretaría de Estudios y Prospectiva. Dirección Nacional de Estudios</subfield>
    </datafield>
    <datafield tag="260" ind1=" " ind2=" ">
      <subfield code="a">Buenos Aries</subfield>
      <subfield code="b"> : Argentina. Ministerio de Ciencia, Tecnología e Innovación</subfield>
      <subfield code="c"> , 2008-</subfield>
    </datafield>
    <datafield tag="310" ind1=" " ind2=" ">
      <subfield code="a">Tres nos. por año</subfield>
    </datafield>
    <datafield tag="650" ind1=" " ind2=" ">
      <subfield code="a"> CIENCIA</subfield>
    </datafield>
    <datafield tag="650" ind1=" " ind2=" ">
      <subfield code="a"> TECNOLOGIA</subfield>
    </datafield>
    <datafield tag="942" ind1=" " ind2=" ">
      <subfield code="c">CR</subfield>
    </datafield>
    <datafield tag="952" ind1=" " ind2=" ">
      <subfield code="a">BIB_RECT</subfield>
      <subfield code="b">BIB_UACO</subfield>
      <subfield code="d">2013-05-10</subfield>
      <subfield code="y">CR</subfield>
      <subfield code="p">02-h-915</subfield>
      <subfield code="i">02-h-915</subfield>
      <subfield code="g">0</subfield>
      <subfield code="o">02-H-915</subfield>
      <subfield code="e">Rectorado</subfield>
      <subfield code="8">PP</subfield>
    </datafield>
  </record>