
  <record>
    <leader>01000aam  22002601a 4500</leader>
    <controlfield tag="001">YPZ97578</controlfield>
    <controlfield tag="003">YPZ</controlfield>
    <controlfield tag="005">201305151622560</controlfield>
    <controlfield tag="008">130515|###########||||||b||||||||||spa|d</controlfield>
    <datafield tag="022" ind1=" " ind2=" ">
      <subfield code="a">01013262</subfield>
    </datafield>
    <datafield tag="040" ind1=" " ind2=" ">
      <subfield code="c">SIUNPA</subfield>
    </datafield>
    <datafield tag="041" ind1=" " ind2=" ">
      <subfield code="a">por</subfield>
      <subfield code="a">spa</subfield>
    </datafield>
    <datafield tag="044" ind1=" " ind2=" ">
      <subfield code="a">BR</subfield>
    </datafield>
    <datafield tag="080" ind1=" " ind2=" ">
      <subfield code="a">05-H-932</subfield>
    </datafield>
    <datafield tag="110" ind1=" " ind2=" ">
      <subfield code="a">Universidade Estadual de Campinas. Centro de Estudos Educação e Sociedade, CEDES.</subfield>
    </datafield>
    <datafield tag="245" ind1=" " ind2=" ">
      <subfield code="a">Cadernos CEDES</subfield>
    </datafield>
    <datafield tag="260" ind1=" " ind2=" ">
      <subfield code="a">Campinas</subfield>
      <subfield code="b"> : CEDES</subfield>
      <subfield code="b"> : Papirus</subfield>
      <subfield code="c"> , 1980-</subfield>
    </datafield>
    <datafield tag="310" ind1=" " ind2=" ">
      <subfield code="a">Cuatrimestral</subfield>
    </datafield>
    <datafield tag="650" ind1=" " ind2=" ">
      <subfield code="a"> AMERICA LATINA</subfield>
    </datafield>
    <datafield tag="942" ind1=" " ind2=" ">
      <subfield code="c">CR</subfield>
    </datafield>
    <datafield tag="952" ind1=" " ind2=" ">
      <subfield code="a">BIB_RECT</subfield>
      <subfield code="b">BIB_UARG</subfield>
      <subfield code="d">2013-05-13</subfield>
      <subfield code="y">CR</subfield>
      <subfield code="p">05-h-932</subfield>
      <subfield code="i">05-h-932</subfield>
      <subfield code="g">0</subfield>
      <subfield code="o">05-H-932</subfield>
      <subfield code="e">Donación UASJ</subfield>
      <subfield code="8">PP</subfield>
    </datafield>
  </record>