
  <record>
    <leader>01000aam  22002601a 4500</leader>
    <controlfield tag="001">YPZ97592</controlfield>
    <controlfield tag="003">YPZ</controlfield>
    <controlfield tag="005">201305171240530</controlfield>
    <controlfield tag="008">130517|###########||||||b||||||||||spa|d</controlfield>
    <datafield tag="022" ind1=" " ind2=" ">
      <subfield code="a">00256153</subfield>
    </datafield>
    <datafield tag="040" ind1=" " ind2=" ">
      <subfield code="c">SIUNPA</subfield>
    </datafield>
    <datafield tag="041" ind1=" " ind2=" ">
      <subfield code="a">ita</subfield>
    </datafield>
    <datafield tag="044" ind1=" " ind2=" ">
      <subfield code="a">it</subfield>
    </datafield>
    <datafield tag="080" ind1=" " ind2=" ">
      <subfield code="a">03-H-949</subfield>
    </datafield>
    <datafield tag="110" ind1=" " ind2=" ">
      <subfield code="a">Istituto Sperimentale per la Cerealicoltura (Italia).</subfield>
    </datafield>
    <datafield tag="245" ind1=" " ind2=" ">
      <subfield code="a">Maydica</subfield>
      <subfield code="b"> : a journal devoted to maize and allied species</subfield>
    </datafield>
    <datafield tag="260" ind1=" " ind2=" ">
      <subfield code="a">Bérgamo</subfield>
      <subfield code="b"> : Istituto Sperimentale per la Cerealicoltura</subfield>
      <subfield code="c"> , 1956-</subfield>
    </datafield>
    <datafield tag="310" ind1=" " ind2=" ">
      <subfield code="a">Trimestral</subfield>
    </datafield>
    <datafield tag="650" ind1=" " ind2=" ">
      <subfield code="a"> AGRICULTURA</subfield>
    </datafield>
    <datafield tag="942" ind1=" " ind2=" ">
      <subfield code="c">CR</subfield>
    </datafield>
    <datafield tag="952" ind1=" " ind2=" ">
      <subfield code="a">BIB_RECT</subfield>
      <subfield code="b">BIB_UART</subfield>
      <subfield code="d">2013-05-17</subfield>
      <subfield code="y">CR</subfield>
      <subfield code="p">03-h-949</subfield>
      <subfield code="i">03-h-949</subfield>
      <subfield code="g">0</subfield>
      <subfield code="o">03-H-949</subfield>
      <subfield code="e">Donación Facultad de Agronomía</subfield>
      <subfield code="8">PP</subfield>
    </datafield>
  </record>