
  <record>
    <leader>01000aam  22002601a 4500</leader>
    <controlfield tag="001">YPZ97601</controlfield>
    <controlfield tag="003">YPZ</controlfield>
    <controlfield tag="005">201305201019100</controlfield>
    <controlfield tag="008">130520|###########||||||b||||||||||spa|d</controlfield>
    <datafield tag="022" ind1=" " ind2=" ">
      <subfield code="a">00049506</subfield>
    </datafield>
    <datafield tag="040" ind1=" " ind2=" ">
      <subfield code="c">SIUNPA</subfield>
    </datafield>
    <datafield tag="041" ind1=" " ind2=" ">
      <subfield code="a">eng</subfield>
    </datafield>
    <datafield tag="044" ind1=" " ind2=" ">
      <subfield code="a">AU</subfield>
    </datafield>
    <datafield tag="080" ind1=" " ind2=" ">
      <subfield code="a">05-H-959</subfield>
    </datafield>
    <datafield tag="245" ind1=" " ind2=" ">
      <subfield code="a">Australian journal of Physics</subfield>
    </datafield>
    <datafield tag="260" ind1=" " ind2=" ">
      <subfield code="a">Melbourne</subfield>
      <subfield code="b"> : Commonwealth Scientific and Industrial Research Organization, CSIRO</subfield>
      <subfield code="c"> , 1953-2000</subfield>
    </datafield>
    <datafield tag="310" ind1=" " ind2=" ">
      <subfield code="a">Bimestral</subfield>
    </datafield>
    <datafield tag="500" ind1=" " ind2=" ">
      <subfield code="a">Continuación parcial de: Australian journal of scientific research. Series A: Physical sciences</subfield>
    </datafield>
    <datafield tag="500" ind1=" " ind2=" ">
      <subfield code="a">Periodicidad: Trimestral (1953-1955), Bimestral (1976-2000)</subfield>
    </datafield>
    <datafield tag="650" ind1=" " ind2=" ">
      <subfield code="a"> FISICA</subfield>
    </datafield>
    <datafield tag="942" ind1=" " ind2=" ">
      <subfield code="c">CR</subfield>
    </datafield>
    <datafield tag="952" ind1=" " ind2=" ">
      <subfield code="a">BIB_RECT</subfield>
      <subfield code="b">BIB_UARG</subfield>
      <subfield code="d">2013-05-20</subfield>
      <subfield code="y">CR</subfield>
      <subfield code="p">05-h-959</subfield>
      <subfield code="i">05-h-959</subfield>
      <subfield code="g">0</subfield>
      <subfield code="o">05-H-959</subfield>
      <subfield code="e">Donacuión Facultad de Agronomía</subfield>
      <subfield code="8">PP</subfield>
    </datafield>
  </record>