
  <record>
    <leader>01000aam  22002601a 4500</leader>
    <controlfield tag="001">YPZ97691</controlfield>
    <controlfield tag="003">YPZ</controlfield>
    <controlfield tag="005">201306051517250</controlfield>
    <controlfield tag="008">130605|###########||||||b||||||||||spa|d</controlfield>
    <datafield tag="022" ind1=" " ind2=" ">
      <subfield code="a">07415672</subfield>
    </datafield>
    <datafield tag="040" ind1=" " ind2=" ">
      <subfield code="c">SIUNPA</subfield>
    </datafield>
    <datafield tag="041" ind1=" " ind2=" ">
      <subfield code="a">eng</subfield>
    </datafield>
    <datafield tag="044" ind1=" " ind2=" ">
      <subfield code="a">US</subfield>
    </datafield>
    <datafield tag="080" ind1=" " ind2=" ">
      <subfield code="a">05-H-967</subfield>
    </datafield>
    <datafield tag="110" ind1=" " ind2=" ">
      <subfield code="a">Society for American Archaeology (Estados Unidos).</subfield>
    </datafield>
    <datafield tag="240" ind1=" " ind2=" ">
      <subfield code="a">Bulletin of the Society for American Archaeology</subfield>
    </datafield>
    <datafield tag="245" ind1=" " ind2=" ">
      <subfield code="a">SAA bulletin</subfield>
    </datafield>
    <datafield tag="260" ind1=" " ind2=" ">
      <subfield code="a">Santa Bárbara, Calif.</subfield>
      <subfield code="b"> : Society for American Archaeology</subfield>
      <subfield code="c"> , 1983-2000</subfield>
    </datafield>
    <datafield tag="310" ind1=" " ind2=" ">
      <subfield code="a">5 nos. por año</subfield>
    </datafield>
    <datafield tag="500" ind1=" " ind2=" ">
      <subfield code="a">Continuada por: The SAA Archaeological Record (1532-7299) (2001-)</subfield>
    </datafield>
    <datafield tag="650" ind1=" " ind2=" ">
      <subfield code="a"> HISTORIA</subfield>
    </datafield>
    <datafield tag="650" ind1=" " ind2=" ">
      <subfield code="a"> CULTURA</subfield>
    </datafield>
    <datafield tag="650" ind1=" " ind2=" ">
      <subfield code="a"> ARQUEOLOGIA</subfield>
    </datafield>
    <datafield tag="942" ind1=" " ind2=" ">
      <subfield code="c">CR</subfield>
    </datafield>
    <datafield tag="952" ind1=" " ind2=" ">
      <subfield code="a">BIB_RECT</subfield>
      <subfield code="b">BIB_UARG</subfield>
      <subfield code="d">2013-06-05</subfield>
      <subfield code="y">CR</subfield>
      <subfield code="p">05-h-967</subfield>
      <subfield code="i">05-h-967</subfield>
      <subfield code="g">0</subfield>
      <subfield code="o">05-H-967</subfield>
      <subfield code="e">Desconocido</subfield>
      <subfield code="8">PP</subfield>
    </datafield>
  </record>