
  <record>
    <leader>01000aam  22002601a 4500</leader>
    <controlfield tag="001">YPZ97711</controlfield>
    <controlfield tag="003">YPZ</controlfield>
    <controlfield tag="005">201306111019250</controlfield>
    <controlfield tag="008">130611|###########||||||b||||||||||spa|d</controlfield>
    <datafield tag="022" ind1=" " ind2=" ">
      <subfield code="a">03349690</subfield>
    </datafield>
    <datafield tag="040" ind1=" " ind2=" ">
      <subfield code="c">SIUNPA</subfield>
    </datafield>
    <datafield tag="041" ind1=" " ind2=" ">
      <subfield code="a">spa</subfield>
      <subfield code="a">eng</subfield>
      <subfield code="a">por</subfield>
      <subfield code="a">fre</subfield>
    </datafield>
    <datafield tag="044" ind1=" " ind2=" ">
      <subfield code="a">VE</subfield>
      <subfield code="a">PR</subfield>
      <subfield code="a">BR</subfield>
    </datafield>
    <datafield tag="080" ind1=" " ind2=" ">
      <subfield code="a">05-H-970</subfield>
    </datafield>
    <datafield tag="110" ind1=" " ind2=" ">
      <subfield code="a">Sociedad Interamericana de Psicología.</subfield>
    </datafield>
    <datafield tag="245" ind1=" " ind2=" ">
      <subfield code="a">Revista interamericana de Psicología</subfield>
    </datafield>
    <datafield tag="246" ind1=" " ind2=" ">
      <subfield code="a">Interamerican journal of psycology.</subfield>
    </datafield>
    <datafield tag="260" ind1=" " ind2=" ">
      <subfield code="a">Caracas</subfield>
      <subfield code="a">Puerto Rico</subfield>
      <subfield code="a">Porto Alegre</subfield>
      <subfield code="b"> : Sociedad Interamericana de Psicología</subfield>
      <subfield code="c"> , 1967-</subfield>
    </datafield>
    <datafield tag="310" ind1=" " ind2=" ">
      <subfield code="a">Semestral|Cuatrimestral|Periodicidad varía</subfield>
    </datafield>
    <datafield tag="650" ind1=" " ind2=" ">
      <subfield code="a"> PSICOLOGIA</subfield>
    </datafield>
    <datafield tag="942" ind1=" " ind2=" ">
      <subfield code="c">CR</subfield>
    </datafield>
    <datafield tag="952" ind1=" " ind2=" ">
      <subfield code="a">BIB_RECT</subfield>
      <subfield code="b">BIB_UARG</subfield>
      <subfield code="d">2013-06-07</subfield>
      <subfield code="y">CR</subfield>
      <subfield code="p">05-h-970</subfield>
      <subfield code="i">05-h-970</subfield>
      <subfield code="g">0</subfield>
      <subfield code="o">05-H-970</subfield>
      <subfield code="e">Donación Facultad de Psicología, UBA</subfield>
      <subfield code="8">PP</subfield>
    </datafield>
  </record>