
  <record>
    <leader>01000aam  22002601a 4500</leader>
    <controlfield tag="001">YPZ97718</controlfield>
    <controlfield tag="003">YPZ</controlfield>
    <controlfield tag="005">201306121313270</controlfield>
    <controlfield tag="008">130612|###########||||||b||||||||||spa|d</controlfield>
    <datafield tag="022" ind1=" " ind2=" ">
      <subfield code="a">03282988</subfield>
    </datafield>
    <datafield tag="040" ind1=" " ind2=" ">
      <subfield code="c">SIUNPA</subfield>
    </datafield>
    <datafield tag="041" ind1=" " ind2=" ">
      <subfield code="a">spa</subfield>
    </datafield>
    <datafield tag="044" ind1=" " ind2=" ">
      <subfield code="a">AR</subfield>
    </datafield>
    <datafield tag="080" ind1=" " ind2=" ">
      <subfield code="a">05-H-126</subfield>
    </datafield>
    <datafield tag="245" ind1=" " ind2=" ">
      <subfield code="a">Revista de psicología y psicoterapia de grupo</subfield>
    </datafield>
    <datafield tag="260" ind1=" " ind2=" ">
      <subfield code="a">Buenos Aires</subfield>
      <subfield code="b"> : Asociación Argentina de Psicología y Psicoterapia de Grupo</subfield>
      <subfield code="c"> , 1962-1994</subfield>
    </datafield>
    <datafield tag="310" ind1=" " ind2=" ">
      <subfield code="a">Trimestral|Periodicidad varía</subfield>
    </datafield>
    <datafield tag="500" ind1=" " ind2=" ">
      <subfield code="a">Continuada por: Psicoanálisis de las configuraciones vinculares (1998-) (ISSN: 1851-7854)</subfield>
    </datafield>
    <datafield tag="500" ind1=" " ind2=" ">
      <subfield code="a">Datos extraídos de la base BINPAR-CAICYT</subfield>
    </datafield>
    <datafield tag="650" ind1=" " ind2=" ">
      <subfield code="a"> PSICOANALISIS</subfield>
    </datafield>
    <datafield tag="650" ind1=" " ind2=" ">
      <subfield code="a"> PSICOLOGIA</subfield>
    </datafield>
    <datafield tag="650" ind1=" " ind2=" ">
      <subfield code="a"> PSICOTERAPIA</subfield>
    </datafield>
    <datafield tag="942" ind1=" " ind2=" ">
      <subfield code="c">CR</subfield>
    </datafield>
    <datafield tag="952" ind1=" " ind2=" ">
      <subfield code="a">BIB_RECT</subfield>
      <subfield code="b">BIB_UASJ</subfield>
      <subfield code="d">2005-08-05</subfield>
      <subfield code="y">CR</subfield>
      <subfield code="p">04-h-126</subfield>
      <subfield code="i">04-h-126</subfield>
      <subfield code="g">0</subfield>
      <subfield code="o">05-H-126</subfield>
      <subfield code="e">Donac. Facultad de Psicología UBA</subfield>
      <subfield code="8">PP</subfield>
    </datafield>
    <datafield tag="952" ind1=" " ind2=" ">
      <subfield code="a">BIB_RECT</subfield>
      <subfield code="b">BIB_UARG</subfield>
      <subfield code="d">2013-06-10</subfield>
      <subfield code="y">CR</subfield>
      <subfield code="p">05-h-126</subfield>
      <subfield code="i">05-h-126</subfield>
      <subfield code="g">0</subfield>
      <subfield code="o">05-H-126</subfield>
      <subfield code="e">Donac. Facultad de Psicología</subfield>
      <subfield code="8">PP</subfield>
    </datafield>
  </record>