
  <record>
    <leader>01000aam  22002601a 4500</leader>
    <controlfield tag="001">YPZ98175</controlfield>
    <controlfield tag="003">YPZ</controlfield>
    <controlfield tag="005">201309170942160</controlfield>
    <controlfield tag="008">130917|###########||||||b||||||||||spa|d</controlfield>
    <datafield tag="040" ind1=" " ind2=" ">
      <subfield code="c">SIUNPA</subfield>
    </datafield>
    <datafield tag="041" ind1=" " ind2=" ">
      <subfield code="a">spa</subfield>
    </datafield>
    <datafield tag="044" ind1=" " ind2=" ">
      <subfield code="a">ES</subfield>
    </datafield>
    <datafield tag="080" ind1=" " ind2=" ">
      <subfield code="a">05-H-997</subfield>
    </datafield>
    <datafield tag="100" ind1=" " ind2=" ">
      <subfield code="a">Pijoan, José.</subfield>
    </datafield>
    <datafield tag="245" ind1=" " ind2=" ">
      <subfield code="a">Historia del mundo</subfield>
      <subfield code="c"> / Salvat, Juan, dir.</subfield>
    </datafield>
    <datafield tag="260" ind1=" " ind2=" ">
      <subfield code="a">Barcelona</subfield>
      <subfield code="b"> : Salvat</subfield>
      <subfield code="c"> , 1970-</subfield>
    </datafield>
    <datafield tag="650" ind1=" " ind2=" ">
      <subfield code="a"> HISTORIA UNIVERSAL</subfield>
    </datafield>
    <datafield tag="942" ind1=" " ind2=" ">
      <subfield code="c">CR</subfield>
    </datafield>
    <datafield tag="952" ind1=" " ind2=" ">
      <subfield code="a">BIB_RECT</subfield>
      <subfield code="b">BIB_UARG</subfield>
      <subfield code="d">2013-09-20</subfield>
      <subfield code="y">CR</subfield>
      <subfield code="p">05-h-997</subfield>
      <subfield code="i">05-h-997</subfield>
      <subfield code="g">0</subfield>
      <subfield code="o">05-H-997</subfield>
      <subfield code="e">Don. flia. Celada</subfield>
      <subfield code="8">CG</subfield>
    </datafield>
  </record>