
  <record>
    <leader>01000aam  22002601a 4500</leader>
    <controlfield tag="001">YPZ98202</controlfield>
    <controlfield tag="003">YPZ</controlfield>
    <controlfield tag="005">201309201826100</controlfield>
    <controlfield tag="008">130920|###########||||||b||||||||||spa|d</controlfield>
    <datafield tag="022" ind1=" " ind2=" ">
      <subfield code="a">03266400</subfield>
    </datafield>
    <datafield tag="040" ind1=" " ind2=" ">
      <subfield code="c">SIUNPA</subfield>
    </datafield>
    <datafield tag="041" ind1=" " ind2=" ">
      <subfield code="a">spa</subfield>
    </datafield>
    <datafield tag="044" ind1=" " ind2=" ">
      <subfield code="a">AR</subfield>
    </datafield>
    <datafield tag="080" ind1=" " ind2=" ">
      <subfield code="a">05-H-181</subfield>
    </datafield>
    <datafield tag="245" ind1=" " ind2=" ">
      <subfield code="a">Revista argentina de Lingüística</subfield>
    </datafield>
    <datafield tag="260" ind1=" " ind2=" ">
      <subfield code="a">General Gutiérrez, Mendoza</subfield>
      <subfield code="b"> : Revista Argentina de Lingüística</subfield>
      <subfield code="c"> , 1985-</subfield>
    </datafield>
    <datafield tag="310" ind1=" " ind2=" ">
      <subfield code="a">Semestral</subfield>
    </datafield>
    <datafield tag="650" ind1=" " ind2=" ">
      <subfield code="a"> LINGÜISTICA</subfield>
    </datafield>
    <datafield tag="942" ind1=" " ind2=" ">
      <subfield code="c">CR</subfield>
    </datafield>
    <datafield tag="952" ind1=" " ind2=" ">
      <subfield code="a">BIB_RECT</subfield>
      <subfield code="b">BIB_UARG</subfield>
      <subfield code="d">2013-09-18</subfield>
      <subfield code="y">CR</subfield>
      <subfield code="p">05-h-181</subfield>
      <subfield code="i">05-h-181</subfield>
      <subfield code="g">0</subfield>
      <subfield code="o">05-H-181</subfield>
      <subfield code="e">Migración UARG|Don. Flia. Celada</subfield>
      <subfield code="8">PP</subfield>
    </datafield>
  </record>