
  <record>
    <leader>01000aam  22002601a 4500</leader>
    <controlfield tag="001">YPZ101542</controlfield>
    <controlfield tag="003">YPZ</controlfield>
    <controlfield tag="005">201806281120120</controlfield>
    <controlfield tag="008">180628|###########||||||b||||||||||spa|d</controlfield>
    <datafield tag="040" ind1=" " ind2=" ">
      <subfield code="c">SIUNPA</subfield>
    </datafield>
    <datafield tag="041" ind1=" " ind2=" ">
      <subfield code="a">spa</subfield>
    </datafield>
    <datafield tag="044" ind1=" " ind2=" ">
      <subfield code="a">AR</subfield>
    </datafield>
    <datafield tag="080" ind1=" " ind2=" ">
      <subfield code="a">05-H-1039</subfield>
    </datafield>
    <datafield tag="245" ind1=" " ind2=" ">
      <subfield code="a">Caleuche</subfield>
      <subfield code="b"/>
    </datafield>
    <datafield tag="260" ind1=" " ind2=" ">
      <subfield code="a">Río Grande</subfield>
      <subfield code="b"> : O. Hirsig, edit.</subfield>
      <subfield code="b"> : F. Rodríguez, edit.</subfield>
      <subfield code="c"> , 2015-</subfield>
    </datafield>
    <datafield tag="310" ind1=" " ind2=" ">
      <subfield code="a">Trimestral</subfield>
    </datafield>
    <datafield tag="650" ind1=" " ind2=" ">
      <subfield code="a"> HISTORIETA</subfield>
    </datafield>
    <datafield tag="942" ind1=" " ind2=" ">
      <subfield code="c">CR</subfield>
    </datafield>
    <datafield tag="952" ind1=" " ind2=" ">
      <subfield code="a">BIB_RECT</subfield>
      <subfield code="b">BIB_UARG</subfield>
      <subfield code="d">2018-06-28</subfield>
      <subfield code="y">CR</subfield>
      <subfield code="p">05-h-1039</subfield>
      <subfield code="i">05-h-1039</subfield>
      <subfield code="g">0</subfield>
      <subfield code="o">05-H-1039</subfield>
      <subfield code="e">Don.</subfield>
      <subfield code="8">PP</subfield>
    </datafield>
  </record>
</collection>
